<html
    lang="en"
    class="__variable_a9e4ee subpixel-antialiased"
    data-theme="light"
    style="color-scheme: light"
>
    <head>
        <link
            rel="preload"
            as="image"
            imagesrcset="/_next/image?url=https%3A%2F%2Fcheetah-public.s3.us-east-1.amazonaws.com%2Fstatic_images%2Fpaf.png&amp;w=16&amp;q=75 16w, /_next/image?url=https%3A%2F%2Fcheetah-public.s3.us-east-1.amazonaws.com%2Fstatic_images%2Fpaf.png&amp;w=32&amp;q=75 32w, /_next/image?url=https%3A%2F%2Fcheetah-public.s3.us-east-1.amazonaws.com%2Fstatic_images%2Fpaf.png&amp;w=48&amp;q=75 48w, /_next/image?url=https%3A%2F%2Fcheetah-public.s3.us-east-1.amazonaws.com%2Fstatic_images%2Fpaf.png&amp;w=64&amp;q=75 64w, /_next/image?url=https%3A%2F%2Fcheetah-public.s3.us-east-1.amazonaws.com%2Fstatic_images%2Fpaf.png&amp;w=96&amp;q=75 96w, /_next/image?url=https%3A%2F%2Fcheetah-public.s3.us-east-1.amazonaws.com%2Fstatic_images%2Fpaf.png&amp;w=128&amp;q=75 128w, /_next/image?url=https%3A%2F%2Fcheetah-public.s3.us-east-1.amazonaws.com%2Fstatic_images%2Fpaf.png&amp;w=256&amp;q=75 256w, /_next/image?url=https%3A%2F%2Fcheetah-public.s3.us-east-1.amazonaws.com%2Fstatic_images%2Fpaf.png&amp;w=384&amp;q=75 384w, /_next/image?url=https%3A%2F%2Fcheetah-public.s3.us-east-1.amazonaws.com%2Fstatic_images%2Fpaf.png&amp;w=640&amp;q=75 640w, /_next/image?url=https%3A%2F%2Fcheetah-public.s3.us-east-1.amazonaws.com%2Fstatic_images%2Fpaf.png&amp;w=750&amp;q=75 750w, /_next/image?url=https%3A%2F%2Fcheetah-public.s3.us-east-1.amazonaws.com%2Fstatic_images%2Fpaf.png&amp;w=828&amp;q=75 828w, /_next/image?url=https%3A%2F%2Fcheetah-public.s3.us-east-1.amazonaws.com%2Fstatic_images%2Fpaf.png&amp;w=1080&amp;q=75 1080w, /_next/image?url=https%3A%2F%2Fcheetah-public.s3.us-east-1.amazonaws.com%2Fstatic_images%2Fpaf.png&amp;w=1200&amp;q=75 1200w, /_next/image?url=https%3A%2F%2Fcheetah-public.s3.us-east-1.amazonaws.com%2Fstatic_images%2Fpaf.png&amp;w=1920&amp;q=75 1920w, /_next/image?url=https%3A%2F%2Fcheetah-public.s3.us-east-1.amazonaws.com%2Fstatic_images%2Fpaf.png&amp;w=2048&amp;q=75 2048w, /_next/image?url=https%3A%2F%2Fcheetah-public.s3.us-east-1.amazonaws.com%2Fstatic_images%2Fpaf.png&amp;w=3840&amp;q=75 3840w"
            imagesizes="auto"
        />
        <link
            rel="preload"
            as="image"
            imagesrcset="/_next/image?url=https%3A%2F%2Fd3tlizm80tjdt4.cloudfront.net%2Fremote_images%2Fimage%2F2114%2Fsmall%2Fb41784f854f03efedc29d73d0a248d0dac389d704b7101205d.jpg&amp;w=16&amp;q=50 16w, /_next/image?url=https%3A%2F%2Fd3tlizm80tjdt4.cloudfront.net%2Fremote_images%2Fimage%2F2114%2Fsmall%2Fb41784f854f03efedc29d73d0a248d0dac389d704b7101205d.jpg&amp;w=32&amp;q=50 32w, /_next/image?url=https%3A%2F%2Fd3tlizm80tjdt4.cloudfront.net%2Fremote_images%2Fimage%2F2114%2Fsmall%2Fb41784f854f03efedc29d73d0a248d0dac389d704b7101205d.jpg&amp;w=48&amp;q=50 48w, /_next/image?url=https%3A%2F%2Fd3tlizm80tjdt4.cloudfront.net%2Fremote_images%2Fimage%2F2114%2Fsmall%2Fb41784f854f03efedc29d73d0a248d0dac389d704b7101205d.jpg&amp;w=64&amp;q=50 64w, /_next/image?url=https%3A%2F%2Fd3tlizm80tjdt4.cloudfront.net%2Fremote_images%2Fimage%2F2114%2Fsmall%2Fb41784f854f03efedc29d73d0a248d0dac389d704b7101205d.jpg&amp;w=96&amp;q=50 96w, /_next/image?url=https%3A%2F%2Fd3tlizm80tjdt4.cloudfront.net%2Fremote_images%2Fimage%2F2114%2Fsmall%2Fb41784f854f03efedc29d73d0a248d0dac389d704b7101205d.jpg&amp;w=128&amp;q=50 128w, /_next/image?url=https%3A%2F%2Fd3tlizm80tjdt4.cloudfront.net%2Fremote_images%2Fimage%2F2114%2Fsmall%2Fb41784f854f03efedc29d73d0a248d0dac389d704b7101205d.jpg&amp;w=256&amp;q=50 256w, /_next/image?url=https%3A%2F%2Fd3tlizm80tjdt4.cloudfront.net%2Fremote_images%2Fimage%2F2114%2Fsmall%2Fb41784f854f03efedc29d73d0a248d0dac389d704b7101205d.jpg&amp;w=384&amp;q=50 384w, /_next/image?url=https%3A%2F%2Fd3tlizm80tjdt4.cloudfront.net%2Fremote_images%2Fimage%2F2114%2Fsmall%2Fb41784f854f03efedc29d73d0a248d0dac389d704b7101205d.jpg&amp;w=640&amp;q=50 640w, /_next/image?url=https%3A%2F%2Fd3tlizm80tjdt4.cloudfront.net%2Fremote_images%2Fimage%2F2114%2Fsmall%2Fb41784f854f03efedc29d73d0a248d0dac389d704b7101205d.jpg&amp;w=750&amp;q=50 750w, /_next/image?url=https%3A%2F%2Fd3tlizm80tjdt4.cloudfront.net%2Fremote_images%2Fimage%2F2114%2Fsmall%2Fb41784f854f03efedc29d73d0a248d0dac389d704b7101205d.jpg&amp;w=828&amp;q=50 828w, /_next/image?url=https%3A%2F%2Fd3tlizm80tjdt4.cloudfront.net%2Fremote_images%2Fimage%2F2114%2Fsmall%2Fb41784f854f03efedc29d73d0a248d0dac389d704b7101205d.jpg&amp;w=1080&amp;q=50 1080w, /_next/image?url=https%3A%2F%2Fd3tlizm80tjdt4.cloudfront.net%2Fremote_images%2Fimage%2F2114%2Fsmall%2Fb41784f854f03efedc29d73d0a248d0dac389d704b7101205d.jpg&amp;w=1200&amp;q=50 1200w, /_next/image?url=https%3A%2F%2Fd3tlizm80tjdt4.cloudfront.net%2Fremote_images%2Fimage%2F2114%2Fsmall%2Fb41784f854f03efedc29d73d0a248d0dac389d704b7101205d.jpg&amp;w=1920&amp;q=50 1920w, /_next/image?url=https%3A%2F%2Fd3tlizm80tjdt4.cloudfront.net%2Fremote_images%2Fimage%2F2114%2Fsmall%2Fb41784f854f03efedc29d73d0a248d0dac389d704b7101205d.jpg&amp;w=2048&amp;q=50 2048w, /_next/image?url=https%3A%2F%2Fd3tlizm80tjdt4.cloudfront.net%2Fremote_images%2Fimage%2F2114%2Fsmall%2Fb41784f854f03efedc29d73d0a248d0dac389d704b7101205d.jpg&amp;w=3840&amp;q=50 3840w"
            imagesizes="auto"
        />
        <link
            rel="preload"
            as="image"
            imagesrcset="/_next/image?url=https%3A%2F%2Fd3tlizm80tjdt4.cloudfront.net%2Fimage%2F15196%2Fimage%2Fsm-af4d520ed6ba1c0a2c2dbddaffd35ce4.png&amp;w=16&amp;q=50 16w, /_next/image?url=https%3A%2F%2Fd3tlizm80tjdt4.cloudfront.net%2Fimage%2F15196%2Fimage%2Fsm-af4d520ed6ba1c0a2c2dbddaffd35ce4.png&amp;w=32&amp;q=50 32w, /_next/image?url=https%3A%2F%2Fd3tlizm80tjdt4.cloudfront.net%2Fimage%2F15196%2Fimage%2Fsm-af4d520ed6ba1c0a2c2dbddaffd35ce4.png&amp;w=48&amp;q=50 48w, /_next/image?url=https%3A%2F%2Fd3tlizm80tjdt4.cloudfront.net%2Fimage%2F15196%2Fimage%2Fsm-af4d520ed6ba1c0a2c2dbddaffd35ce4.png&amp;w=64&amp;q=50 64w, /_next/image?url=https%3A%2F%2Fd3tlizm80tjdt4.cloudfront.net%2Fimage%2F15196%2Fimage%2Fsm-af4d520ed6ba1c0a2c2dbddaffd35ce4.png&amp;w=96&amp;q=50 96w, /_next/image?url=https%3A%2F%2Fd3tlizm80tjdt4.cloudfront.net%2Fimage%2F15196%2Fimage%2Fsm-af4d520ed6ba1c0a2c2dbddaffd35ce4.png&amp;w=128&amp;q=50 128w, /_next/image?url=https%3A%2F%2Fd3tlizm80tjdt4.cloudfront.net%2Fimage%2F15196%2Fimage%2Fsm-af4d520ed6ba1c0a2c2dbddaffd35ce4.png&amp;w=256&amp;q=50 256w, /_next/image?url=https%3A%2F%2Fd3tlizm80tjdt4.cloudfront.net%2Fimage%2F15196%2Fimage%2Fsm-af4d520ed6ba1c0a2c2dbddaffd35ce4.png&amp;w=384&amp;q=50 384w, /_next/image?url=https%3A%2F%2Fd3tlizm80tjdt4.cloudfront.net%2Fimage%2F15196%2Fimage%2Fsm-af4d520ed6ba1c0a2c2dbddaffd35ce4.png&amp;w=640&amp;q=50 640w, /_next/image?url=https%3A%2F%2Fd3tlizm80tjdt4.cloudfront.net%2Fimage%2F15196%2Fimage%2Fsm-af4d520ed6ba1c0a2c2dbddaffd35ce4.png&amp;w=750&amp;q=50 750w, /_next/image?url=https%3A%2F%2Fd3tlizm80tjdt4.cloudfront.net%2Fimage%2F15196%2Fimage%2Fsm-af4d520ed6ba1c0a2c2dbddaffd35ce4.png&amp;w=828&amp;q=50 828w, /_next/image?url=https%3A%2F%2Fd3tlizm80tjdt4.cloudfront.net%2Fimage%2F15196%2Fimage%2Fsm-af4d520ed6ba1c0a2c2dbddaffd35ce4.png&amp;w=1080&amp;q=50 1080w, /_next/image?url=https%3A%2F%2Fd3tlizm80tjdt4.cloudfront.net%2Fimage%2F15196%2Fimage%2Fsm-af4d520ed6ba1c0a2c2dbddaffd35ce4.png&amp;w=1200&amp;q=50 1200w, /_next/image?url=https%3A%2F%2Fd3tlizm80tjdt4.cloudfront.net%2Fimage%2F15196%2Fimage%2Fsm-af4d520ed6ba1c0a2c2dbddaffd35ce4.png&amp;w=1920&amp;q=50 1920w, /_next/image?url=https%3A%2F%2Fd3tlizm80tjdt4.cloudfront.net%2Fimage%2F15196%2Fimage%2Fsm-af4d520ed6ba1c0a2c2dbddaffd35ce4.png&amp;w=2048&amp;q=50 2048w, /_next/image?url=https%3A%2F%2Fd3tlizm80tjdt4.cloudfront.net%2Fimage%2F15196%2Fimage%2Fsm-af4d520ed6ba1c0a2c2dbddaffd35ce4.png&amp;w=3840&amp;q=50 3840w"
            imagesizes="auto"
        />
        <link
            rel="preload"
            as="image"
            imagesrcset="/_next/image?url=https%3A%2F%2Fd3tlizm80tjdt4.cloudfront.net%2Fimage%2F15193%2Fimage%2Fsm-dba02abeba78ee707501f521a0557481.png&amp;w=16&amp;q=50 16w, /_next/image?url=https%3A%2F%2Fd3tlizm80tjdt4.cloudfront.net%2Fimage%2F15193%2Fimage%2Fsm-dba02abeba78ee707501f521a0557481.png&amp;w=32&amp;q=50 32w, /_next/image?url=https%3A%2F%2Fd3tlizm80tjdt4.cloudfront.net%2Fimage%2F15193%2Fimage%2Fsm-dba02abeba78ee707501f521a0557481.png&amp;w=48&amp;q=50 48w, /_next/image?url=https%3A%2F%2Fd3tlizm80tjdt4.cloudfront.net%2Fimage%2F15193%2Fimage%2Fsm-dba02abeba78ee707501f521a0557481.png&amp;w=64&amp;q=50 64w, /_next/image?url=https%3A%2F%2Fd3tlizm80tjdt4.cloudfront.net%2Fimage%2F15193%2Fimage%2Fsm-dba02abeba78ee707501f521a0557481.png&amp;w=96&amp;q=50 96w, /_next/image?url=https%3A%2F%2Fd3tlizm80tjdt4.cloudfront.net%2Fimage%2F15193%2Fimage%2Fsm-dba02abeba78ee707501f521a0557481.png&amp;w=128&amp;q=50 128w, /_next/image?url=https%3A%2F%2Fd3tlizm80tjdt4.cloudfront.net%2Fimage%2F15193%2Fimage%2Fsm-dba02abeba78ee707501f521a0557481.png&amp;w=256&amp;q=50 256w, /_next/image?url=https%3A%2F%2Fd3tlizm80tjdt4.cloudfront.net%2Fimage%2F15193%2Fimage%2Fsm-dba02abeba78ee707501f521a0557481.png&amp;w=384&amp;q=50 384w, /_next/image?url=https%3A%2F%2Fd3tlizm80tjdt4.cloudfront.net%2Fimage%2F15193%2Fimage%2Fsm-dba02abeba78ee707501f521a0557481.png&amp;w=640&amp;q=50 640w, /_next/image?url=https%3A%2F%2Fd3tlizm80tjdt4.cloudfront.net%2Fimage%2F15193%2Fimage%2Fsm-dba02abeba78ee707501f521a0557481.png&amp;w=750&amp;q=50 750w, /_next/image?url=https%3A%2F%2Fd3tlizm80tjdt4.cloudfront.net%2Fimage%2F15193%2Fimage%2Fsm-dba02abeba78ee707501f521a0557481.png&amp;w=828&amp;q=50 828w, /_next/image?url=https%3A%2F%2Fd3tlizm80tjdt4.cloudfront.net%2Fimage%2F15193%2Fimage%2Fsm-dba02abeba78ee707501f521a0557481.png&amp;w=1080&amp;q=50 1080w, /_next/image?url=https%3A%2F%2Fd3tlizm80tjdt4.cloudfront.net%2Fimage%2F15193%2Fimage%2Fsm-dba02abeba78ee707501f521a0557481.png&amp;w=1200&amp;q=50 1200w, /_next/image?url=https%3A%2F%2Fd3tlizm80tjdt4.cloudfront.net%2Fimage%2F15193%2Fimage%2Fsm-dba02abeba78ee707501f521a0557481.png&amp;w=1920&amp;q=50 1920w, /_next/image?url=https%3A%2F%2Fd3tlizm80tjdt4.cloudfront.net%2Fimage%2F15193%2Fimage%2Fsm-dba02abeba78ee707501f521a0557481.png&amp;w=2048&amp;q=50 2048w, /_next/image?url=https%3A%2F%2Fd3tlizm80tjdt4.cloudfront.net%2Fimage%2F15193%2Fimage%2Fsm-dba02abeba78ee707501f521a0557481.png&amp;w=3840&amp;q=50 3840w"
            imagesizes="auto"
        />
        <link
            rel="preload"
            as="image"
            imagesrcset="/_next/image?url=https%3A%2F%2Fd3tlizm80tjdt4.cloudfront.net%2Fimage%2F8965%2Fimage%2Fsm-137bd810e22f0b816f7a749f30bb60f4.jpeg&amp;w=16&amp;q=50 16w, /_next/image?url=https%3A%2F%2Fd3tlizm80tjdt4.cloudfront.net%2Fimage%2F8965%2Fimage%2Fsm-137bd810e22f0b816f7a749f30bb60f4.jpeg&amp;w=32&amp;q=50 32w, /_next/image?url=https%3A%2F%2Fd3tlizm80tjdt4.cloudfront.net%2Fimage%2F8965%2Fimage%2Fsm-137bd810e22f0b816f7a749f30bb60f4.jpeg&amp;w=48&amp;q=50 48w, /_next/image?url=https%3A%2F%2Fd3tlizm80tjdt4.cloudfront.net%2Fimage%2F8965%2Fimage%2Fsm-137bd810e22f0b816f7a749f30bb60f4.jpeg&amp;w=64&amp;q=50 64w, /_next/image?url=https%3A%2F%2Fd3tlizm80tjdt4.cloudfront.net%2Fimage%2F8965%2Fimage%2Fsm-137bd810e22f0b816f7a749f30bb60f4.jpeg&amp;w=96&amp;q=50 96w, /_next/image?url=https%3A%2F%2Fd3tlizm80tjdt4.cloudfront.net%2Fimage%2F8965%2Fimage%2Fsm-137bd810e22f0b816f7a749f30bb60f4.jpeg&amp;w=128&amp;q=50 128w, /_next/image?url=https%3A%2F%2Fd3tlizm80tjdt4.cloudfront.net%2Fimage%2F8965%2Fimage%2Fsm-137bd810e22f0b816f7a749f30bb60f4.jpeg&amp;w=256&amp;q=50 256w, /_next/image?url=https%3A%2F%2Fd3tlizm80tjdt4.cloudfront.net%2Fimage%2F8965%2Fimage%2Fsm-137bd810e22f0b816f7a749f30bb60f4.jpeg&amp;w=384&amp;q=50 384w, /_next/image?url=https%3A%2F%2Fd3tlizm80tjdt4.cloudfront.net%2Fimage%2F8965%2Fimage%2Fsm-137bd810e22f0b816f7a749f30bb60f4.jpeg&amp;w=640&amp;q=50 640w, /_next/image?url=https%3A%2F%2Fd3tlizm80tjdt4.cloudfront.net%2Fimage%2F8965%2Fimage%2Fsm-137bd810e22f0b816f7a749f30bb60f4.jpeg&amp;w=750&amp;q=50 750w, /_next/image?url=https%3A%2F%2Fd3tlizm80tjdt4.cloudfront.net%2Fimage%2F8965%2Fimage%2Fsm-137bd810e22f0b816f7a749f30bb60f4.jpeg&amp;w=828&amp;q=50 828w, /_next/image?url=https%3A%2F%2Fd3tlizm80tjdt4.cloudfront.net%2Fimage%2F8965%2Fimage%2Fsm-137bd810e22f0b816f7a749f30bb60f4.jpeg&amp;w=1080&amp;q=50 1080w, /_next/image?url=https%3A%2F%2Fd3tlizm80tjdt4.cloudfront.net%2Fimage%2F8965%2Fimage%2Fsm-137bd810e22f0b816f7a749f30bb60f4.jpeg&amp;w=1200&amp;q=50 1200w, /_next/image?url=https%3A%2F%2Fd3tlizm80tjdt4.cloudfront.net%2Fimage%2F8965%2Fimage%2Fsm-137bd810e22f0b816f7a749f30bb60f4.jpeg&amp;w=1920&amp;q=50 1920w, /_next/image?url=https%3A%2F%2Fd3tlizm80tjdt4.cloudfront.net%2Fimage%2F8965%2Fimage%2Fsm-137bd810e22f0b816f7a749f30bb60f4.jpeg&amp;w=2048&amp;q=50 2048w, /_next/image?url=https%3A%2F%2Fd3tlizm80tjdt4.cloudfront.net%2Fimage%2F8965%2Fimage%2Fsm-137bd810e22f0b816f7a749f30bb60f4.jpeg&amp;w=3840&amp;q=50 3840w"
            imagesizes="auto"
        />
        <link
            rel="preload"
            as="image"
            imagesrcset="/_next/image?url=https%3A%2F%2Fd3tlizm80tjdt4.cloudfront.net%2Fimage%2F10794%2Fimage%2Fsm-313ae66972cd7064da6bcf09c337ae5a.png&amp;w=16&amp;q=50 16w, /_next/image?url=https%3A%2F%2Fd3tlizm80tjdt4.cloudfront.net%2Fimage%2F10794%2Fimage%2Fsm-313ae66972cd7064da6bcf09c337ae5a.png&amp;w=32&amp;q=50 32w, /_next/image?url=https%3A%2F%2Fd3tlizm80tjdt4.cloudfront.net%2Fimage%2F10794%2Fimage%2Fsm-313ae66972cd7064da6bcf09c337ae5a.png&amp;w=48&amp;q=50 48w, /_next/image?url=https%3A%2F%2Fd3tlizm80tjdt4.cloudfront.net%2Fimage%2F10794%2Fimage%2Fsm-313ae66972cd7064da6bcf09c337ae5a.png&amp;w=64&amp;q=50 64w, /_next/image?url=https%3A%2F%2Fd3tlizm80tjdt4.cloudfront.net%2Fimage%2F10794%2Fimage%2Fsm-313ae66972cd7064da6bcf09c337ae5a.png&amp;w=96&amp;q=50 96w, /_next/image?url=https%3A%2F%2Fd3tlizm80tjdt4.cloudfront.net%2Fimage%2F10794%2Fimage%2Fsm-313ae66972cd7064da6bcf09c337ae5a.png&amp;w=128&amp;q=50 128w, /_next/image?url=https%3A%2F%2Fd3tlizm80tjdt4.cloudfront.net%2Fimage%2F10794%2Fimage%2Fsm-313ae66972cd7064da6bcf09c337ae5a.png&amp;w=256&amp;q=50 256w, /_next/image?url=https%3A%2F%2Fd3tlizm80tjdt4.cloudfront.net%2Fimage%2F10794%2Fimage%2Fsm-313ae66972cd7064da6bcf09c337ae5a.png&amp;w=384&amp;q=50 384w, /_next/image?url=https%3A%2F%2Fd3tlizm80tjdt4.cloudfront.net%2Fimage%2F10794%2Fimage%2Fsm-313ae66972cd7064da6bcf09c337ae5a.png&amp;w=640&amp;q=50 640w, /_next/image?url=https%3A%2F%2Fd3tlizm80tjdt4.cloudfront.net%2Fimage%2F10794%2Fimage%2Fsm-313ae66972cd7064da6bcf09c337ae5a.png&amp;w=750&amp;q=50 750w, /_next/image?url=https%3A%2F%2Fd3tlizm80tjdt4.cloudfront.net%2Fimage%2F10794%2Fimage%2Fsm-313ae66972cd7064da6bcf09c337ae5a.png&amp;w=828&amp;q=50 828w, /_next/image?url=https%3A%2F%2Fd3tlizm80tjdt4.cloudfront.net%2Fimage%2F10794%2Fimage%2Fsm-313ae66972cd7064da6bcf09c337ae5a.png&amp;w=1080&amp;q=50 1080w, /_next/image?url=https%3A%2F%2Fd3tlizm80tjdt4.cloudfront.net%2Fimage%2F10794%2Fimage%2Fsm-313ae66972cd7064da6bcf09c337ae5a.png&amp;w=1200&amp;q=50 1200w, /_next/image?url=https%3A%2F%2Fd3tlizm80tjdt4.cloudfront.net%2Fimage%2F10794%2Fimage%2Fsm-313ae66972cd7064da6bcf09c337ae5a.png&amp;w=1920&amp;q=50 1920w, /_next/image?url=https%3A%2F%2Fd3tlizm80tjdt4.cloudfront.net%2Fimage%2F10794%2Fimage%2Fsm-313ae66972cd7064da6bcf09c337ae5a.png&amp;w=2048&amp;q=50 2048w, /_next/image?url=https%3A%2F%2Fd3tlizm80tjdt4.cloudfront.net%2Fimage%2F10794%2Fimage%2Fsm-313ae66972cd7064da6bcf09c337ae5a.png&amp;w=3840&amp;q=50 3840w"
            imagesizes="auto"
        />
        <link
            rel="preload"
            as="image"
            imagesrcset="/_next/image?url=https%3A%2F%2Fd3tlizm80tjdt4.cloudfront.net%2Fimage%2F2865%2Fimage%2Fsm-7f83700059c075a212d5756e9c4e7073.jpg&amp;w=16&amp;q=50 16w, /_next/image?url=https%3A%2F%2Fd3tlizm80tjdt4.cloudfront.net%2Fimage%2F2865%2Fimage%2Fsm-7f83700059c075a212d5756e9c4e7073.jpg&amp;w=32&amp;q=50 32w, /_next/image?url=https%3A%2F%2Fd3tlizm80tjdt4.cloudfront.net%2Fimage%2F2865%2Fimage%2Fsm-7f83700059c075a212d5756e9c4e7073.jpg&amp;w=48&amp;q=50 48w, /_next/image?url=https%3A%2F%2Fd3tlizm80tjdt4.cloudfront.net%2Fimage%2F2865%2Fimage%2Fsm-7f83700059c075a212d5756e9c4e7073.jpg&amp;w=64&amp;q=50 64w, /_next/image?url=https%3A%2F%2Fd3tlizm80tjdt4.cloudfront.net%2Fimage%2F2865%2Fimage%2Fsm-7f83700059c075a212d5756e9c4e7073.jpg&amp;w=96&amp;q=50 96w, /_next/image?url=https%3A%2F%2Fd3tlizm80tjdt4.cloudfront.net%2Fimage%2F2865%2Fimage%2Fsm-7f83700059c075a212d5756e9c4e7073.jpg&amp;w=128&amp;q=50 128w, /_next/image?url=https%3A%2F%2Fd3tlizm80tjdt4.cloudfront.net%2Fimage%2F2865%2Fimage%2Fsm-7f83700059c075a212d5756e9c4e7073.jpg&amp;w=256&amp;q=50 256w, /_next/image?url=https%3A%2F%2Fd3tlizm80tjdt4.cloudfront.net%2Fimage%2F2865%2Fimage%2Fsm-7f83700059c075a212d5756e9c4e7073.jpg&amp;w=384&amp;q=50 384w, /_next/image?url=https%3A%2F%2Fd3tlizm80tjdt4.cloudfront.net%2Fimage%2F2865%2Fimage%2Fsm-7f83700059c075a212d5756e9c4e7073.jpg&amp;w=640&amp;q=50 640w, /_next/image?url=https%3A%2F%2Fd3tlizm80tjdt4.cloudfront.net%2Fimage%2F2865%2Fimage%2Fsm-7f83700059c075a212d5756e9c4e7073.jpg&amp;w=750&amp;q=50 750w, /_next/image?url=https%3A%2F%2Fd3tlizm80tjdt4.cloudfront.net%2Fimage%2F2865%2Fimage%2Fsm-7f83700059c075a212d5756e9c4e7073.jpg&amp;w=828&amp;q=50 828w, /_next/image?url=https%3A%2F%2Fd3tlizm80tjdt4.cloudfront.net%2Fimage%2F2865%2Fimage%2Fsm-7f83700059c075a212d5756e9c4e7073.jpg&amp;w=1080&amp;q=50 1080w, /_next/image?url=https%3A%2F%2Fd3tlizm80tjdt4.cloudfront.net%2Fimage%2F2865%2Fimage%2Fsm-7f83700059c075a212d5756e9c4e7073.jpg&amp;w=1200&amp;q=50 1200w, /_next/image?url=https%3A%2F%2Fd3tlizm80tjdt4.cloudfront.net%2Fimage%2F2865%2Fimage%2Fsm-7f83700059c075a212d5756e9c4e7073.jpg&amp;w=1920&amp;q=50 1920w, /_next/image?url=https%3A%2F%2Fd3tlizm80tjdt4.cloudfront.net%2Fimage%2F2865%2Fimage%2Fsm-7f83700059c075a212d5756e9c4e7073.jpg&amp;w=2048&amp;q=50 2048w, /_next/image?url=https%3A%2F%2Fd3tlizm80tjdt4.cloudfront.net%2Fimage%2F2865%2Fimage%2Fsm-7f83700059c075a212d5756e9c4e7073.jpg&amp;w=3840&amp;q=50 3840w"
            imagesizes="auto"
        />
        <link
            rel="preload"
            as="image"
            imagesrcset="/_next/image?url=https%3A%2F%2Fd3tlizm80tjdt4.cloudfront.net%2Fimage%2F15218%2Fimage%2Fsm-466292604c156f994ceac17cbcf40f9e.png&amp;w=16&amp;q=50 16w, /_next/image?url=https%3A%2F%2Fd3tlizm80tjdt4.cloudfront.net%2Fimage%2F15218%2Fimage%2Fsm-466292604c156f994ceac17cbcf40f9e.png&amp;w=32&amp;q=50 32w, /_next/image?url=https%3A%2F%2Fd3tlizm80tjdt4.cloudfront.net%2Fimage%2F15218%2Fimage%2Fsm-466292604c156f994ceac17cbcf40f9e.png&amp;w=48&amp;q=50 48w, /_next/image?url=https%3A%2F%2Fd3tlizm80tjdt4.cloudfront.net%2Fimage%2F15218%2Fimage%2Fsm-466292604c156f994ceac17cbcf40f9e.png&amp;w=64&amp;q=50 64w, /_next/image?url=https%3A%2F%2Fd3tlizm80tjdt4.cloudfront.net%2Fimage%2F15218%2Fimage%2Fsm-466292604c156f994ceac17cbcf40f9e.png&amp;w=96&amp;q=50 96w, /_next/image?url=https%3A%2F%2Fd3tlizm80tjdt4.cloudfront.net%2Fimage%2F15218%2Fimage%2Fsm-466292604c156f994ceac17cbcf40f9e.png&amp;w=128&amp;q=50 128w, /_next/image?url=https%3A%2F%2Fd3tlizm80tjdt4.cloudfront.net%2Fimage%2F15218%2Fimage%2Fsm-466292604c156f994ceac17cbcf40f9e.png&amp;w=256&amp;q=50 256w, /_next/image?url=https%3A%2F%2Fd3tlizm80tjdt4.cloudfront.net%2Fimage%2F15218%2Fimage%2Fsm-466292604c156f994ceac17cbcf40f9e.png&amp;w=384&amp;q=50 384w, /_next/image?url=https%3A%2F%2Fd3tlizm80tjdt4.cloudfront.net%2Fimage%2F15218%2Fimage%2Fsm-466292604c156f994ceac17cbcf40f9e.png&amp;w=640&amp;q=50 640w, /_next/image?url=https%3A%2F%2Fd3tlizm80tjdt4.cloudfront.net%2Fimage%2F15218%2Fimage%2Fsm-466292604c156f994ceac17cbcf40f9e.png&amp;w=750&amp;q=50 750w, /_next/image?url=https%3A%2F%2Fd3tlizm80tjdt4.cloudfront.net%2Fimage%2F15218%2Fimage%2Fsm-466292604c156f994ceac17cbcf40f9e.png&amp;w=828&amp;q=50 828w, /_next/image?url=https%3A%2F%2Fd3tlizm80tjdt4.cloudfront.net%2Fimage%2F15218%2Fimage%2Fsm-466292604c156f994ceac17cbcf40f9e.png&amp;w=1080&amp;q=50 1080w, /_next/image?url=https%3A%2F%2Fd3tlizm80tjdt4.cloudfront.net%2Fimage%2F15218%2Fimage%2Fsm-466292604c156f994ceac17cbcf40f9e.png&amp;w=1200&amp;q=50 1200w, /_next/image?url=https%3A%2F%2Fd3tlizm80tjdt4.cloudfront.net%2Fimage%2F15218%2Fimage%2Fsm-466292604c156f994ceac17cbcf40f9e.png&amp;w=1920&amp;q=50 1920w, /_next/image?url=https%3A%2F%2Fd3tlizm80tjdt4.cloudfront.net%2Fimage%2F15218%2Fimage%2Fsm-466292604c156f994ceac17cbcf40f9e.png&amp;w=2048&amp;q=50 2048w, /_next/image?url=https%3A%2F%2Fd3tlizm80tjdt4.cloudfront.net%2Fimage%2F15218%2Fimage%2Fsm-466292604c156f994ceac17cbcf40f9e.png&amp;w=3840&amp;q=50 3840w"
            imagesizes="auto"
        />
        <link
            rel="preload"
            as="image"
            imagesrcset="/_next/image?url=https%3A%2F%2Fd3tlizm80tjdt4.cloudfront.net%2Fremote_images%2Fimage%2F7672%2Fsmall%2F63a1d4191c5e3258376922c1599c780ef012ec6bf3828fa409.jpg&amp;w=16&amp;q=50 16w, /_next/image?url=https%3A%2F%2Fd3tlizm80tjdt4.cloudfront.net%2Fremote_images%2Fimage%2F7672%2Fsmall%2F63a1d4191c5e3258376922c1599c780ef012ec6bf3828fa409.jpg&amp;w=32&amp;q=50 32w, /_next/image?url=https%3A%2F%2Fd3tlizm80tjdt4.cloudfront.net%2Fremote_images%2Fimage%2F7672%2Fsmall%2F63a1d4191c5e3258376922c1599c780ef012ec6bf3828fa409.jpg&amp;w=48&amp;q=50 48w, /_next/image?url=https%3A%2F%2Fd3tlizm80tjdt4.cloudfront.net%2Fremote_images%2Fimage%2F7672%2Fsmall%2F63a1d4191c5e3258376922c1599c780ef012ec6bf3828fa409.jpg&amp;w=64&amp;q=50 64w, /_next/image?url=https%3A%2F%2Fd3tlizm80tjdt4.cloudfront.net%2Fremote_images%2Fimage%2F7672%2Fsmall%2F63a1d4191c5e3258376922c1599c780ef012ec6bf3828fa409.jpg&amp;w=96&amp;q=50 96w, /_next/image?url=https%3A%2F%2Fd3tlizm80tjdt4.cloudfront.net%2Fremote_images%2Fimage%2F7672%2Fsmall%2F63a1d4191c5e3258376922c1599c780ef012ec6bf3828fa409.jpg&amp;w=128&amp;q=50 128w, /_next/image?url=https%3A%2F%2Fd3tlizm80tjdt4.cloudfront.net%2Fremote_images%2Fimage%2F7672%2Fsmall%2F63a1d4191c5e3258376922c1599c780ef012ec6bf3828fa409.jpg&amp;w=256&amp;q=50 256w, /_next/image?url=https%3A%2F%2Fd3tlizm80tjdt4.cloudfront.net%2Fremote_images%2Fimage%2F7672%2Fsmall%2F63a1d4191c5e3258376922c1599c780ef012ec6bf3828fa409.jpg&amp;w=384&amp;q=50 384w, /_next/image?url=https%3A%2F%2Fd3tlizm80tjdt4.cloudfront.net%2Fremote_images%2Fimage%2F7672%2Fsmall%2F63a1d4191c5e3258376922c1599c780ef012ec6bf3828fa409.jpg&amp;w=640&amp;q=50 640w, /_next/image?url=https%3A%2F%2Fd3tlizm80tjdt4.cloudfront.net%2Fremote_images%2Fimage%2F7672%2Fsmall%2F63a1d4191c5e3258376922c1599c780ef012ec6bf3828fa409.jpg&amp;w=750&amp;q=50 750w, /_next/image?url=https%3A%2F%2Fd3tlizm80tjdt4.cloudfront.net%2Fremote_images%2Fimage%2F7672%2Fsmall%2F63a1d4191c5e3258376922c1599c780ef012ec6bf3828fa409.jpg&amp;w=828&amp;q=50 828w, /_next/image?url=https%3A%2F%2Fd3tlizm80tjdt4.cloudfront.net%2Fremote_images%2Fimage%2F7672%2Fsmall%2F63a1d4191c5e3258376922c1599c780ef012ec6bf3828fa409.jpg&amp;w=1080&amp;q=50 1080w, /_next/image?url=https%3A%2F%2Fd3tlizm80tjdt4.cloudfront.net%2Fremote_images%2Fimage%2F7672%2Fsmall%2F63a1d4191c5e3258376922c1599c780ef012ec6bf3828fa409.jpg&amp;w=1200&amp;q=50 1200w, /_next/image?url=https%3A%2F%2Fd3tlizm80tjdt4.cloudfront.net%2Fremote_images%2Fimage%2F7672%2Fsmall%2F63a1d4191c5e3258376922c1599c780ef012ec6bf3828fa409.jpg&amp;w=1920&amp;q=50 1920w, /_next/image?url=https%3A%2F%2Fd3tlizm80tjdt4.cloudfront.net%2Fremote_images%2Fimage%2F7672%2Fsmall%2F63a1d4191c5e3258376922c1599c780ef012ec6bf3828fa409.jpg&amp;w=2048&amp;q=50 2048w, /_next/image?url=https%3A%2F%2Fd3tlizm80tjdt4.cloudfront.net%2Fremote_images%2Fimage%2F7672%2Fsmall%2F63a1d4191c5e3258376922c1599c780ef012ec6bf3828fa409.jpg&amp;w=3840&amp;q=50 3840w"
            imagesizes="auto"
        />
        <link
            rel="preload"
            as="image"
            imagesrcset="/_next/image?url=https%3A%2F%2Fd3tlizm80tjdt4.cloudfront.net%2Fimage%2F1544%2Fimage%2Fsm-b2bb50a2b1ae90153c2401ff9f0214df.jpg&amp;w=16&amp;q=50 16w, /_next/image?url=https%3A%2F%2Fd3tlizm80tjdt4.cloudfront.net%2Fimage%2F1544%2Fimage%2Fsm-b2bb50a2b1ae90153c2401ff9f0214df.jpg&amp;w=32&amp;q=50 32w, /_next/image?url=https%3A%2F%2Fd3tlizm80tjdt4.cloudfront.net%2Fimage%2F1544%2Fimage%2Fsm-b2bb50a2b1ae90153c2401ff9f0214df.jpg&amp;w=48&amp;q=50 48w, /_next/image?url=https%3A%2F%2Fd3tlizm80tjdt4.cloudfront.net%2Fimage%2F1544%2Fimage%2Fsm-b2bb50a2b1ae90153c2401ff9f0214df.jpg&amp;w=64&amp;q=50 64w, /_next/image?url=https%3A%2F%2Fd3tlizm80tjdt4.cloudfront.net%2Fimage%2F1544%2Fimage%2Fsm-b2bb50a2b1ae90153c2401ff9f0214df.jpg&amp;w=96&amp;q=50 96w, /_next/image?url=https%3A%2F%2Fd3tlizm80tjdt4.cloudfront.net%2Fimage%2F1544%2Fimage%2Fsm-b2bb50a2b1ae90153c2401ff9f0214df.jpg&amp;w=128&amp;q=50 128w, /_next/image?url=https%3A%2F%2Fd3tlizm80tjdt4.cloudfront.net%2Fimage%2F1544%2Fimage%2Fsm-b2bb50a2b1ae90153c2401ff9f0214df.jpg&amp;w=256&amp;q=50 256w, /_next/image?url=https%3A%2F%2Fd3tlizm80tjdt4.cloudfront.net%2Fimage%2F1544%2Fimage%2Fsm-b2bb50a2b1ae90153c2401ff9f0214df.jpg&amp;w=384&amp;q=50 384w, /_next/image?url=https%3A%2F%2Fd3tlizm80tjdt4.cloudfront.net%2Fimage%2F1544%2Fimage%2Fsm-b2bb50a2b1ae90153c2401ff9f0214df.jpg&amp;w=640&amp;q=50 640w, /_next/image?url=https%3A%2F%2Fd3tlizm80tjdt4.cloudfront.net%2Fimage%2F1544%2Fimage%2Fsm-b2bb50a2b1ae90153c2401ff9f0214df.jpg&amp;w=750&amp;q=50 750w, /_next/image?url=https%3A%2F%2Fd3tlizm80tjdt4.cloudfront.net%2Fimage%2F1544%2Fimage%2Fsm-b2bb50a2b1ae90153c2401ff9f0214df.jpg&amp;w=828&amp;q=50 828w, /_next/image?url=https%3A%2F%2Fd3tlizm80tjdt4.cloudfront.net%2Fimage%2F1544%2Fimage%2Fsm-b2bb50a2b1ae90153c2401ff9f0214df.jpg&amp;w=1080&amp;q=50 1080w, /_next/image?url=https%3A%2F%2Fd3tlizm80tjdt4.cloudfront.net%2Fimage%2F1544%2Fimage%2Fsm-b2bb50a2b1ae90153c2401ff9f0214df.jpg&amp;w=1200&amp;q=50 1200w, /_next/image?url=https%3A%2F%2Fd3tlizm80tjdt4.cloudfront.net%2Fimage%2F1544%2Fimage%2Fsm-b2bb50a2b1ae90153c2401ff9f0214df.jpg&amp;w=1920&amp;q=50 1920w, /_next/image?url=https%3A%2F%2Fd3tlizm80tjdt4.cloudfront.net%2Fimage%2F1544%2Fimage%2Fsm-b2bb50a2b1ae90153c2401ff9f0214df.jpg&amp;w=2048&amp;q=50 2048w, /_next/image?url=https%3A%2F%2Fd3tlizm80tjdt4.cloudfront.net%2Fimage%2F1544%2Fimage%2Fsm-b2bb50a2b1ae90153c2401ff9f0214df.jpg&amp;w=3840&amp;q=50 3840w"
            imagesizes="auto"
        />
        <link
            rel="stylesheet"
            href="/_next/static/css/1c0ce0c126a33e81.css"
            data-precedence="next"
        />
        <link
            rel="preload"
            as="script"
            fetchpriority="low"
            href="/_next/static/chunks/webpack-bae73be1702c6aba.js"
        />
        <script
            type="text/javascript"
            src="https://cdn.segment.com/next-integrations/actions/amplitude-plugins/5843404183e0e2708588.js"
            async=""
            status="loaded"
        ></script>
        <script
            src="/_next/static/chunks/0e762574-18e24d7703c1237d.js"
            async=""
        ></script>
        <script
            src="/_next/static/chunks/main-app-587c25e6f7ae981c.js"
            async=""
        ></script>
        <script
            src="/_next/static/chunks/app/layout-f3cf98c9c99937ab.js"
            async=""
        ></script>
        <script
            src="/_next/static/chunks/app/error-89779e21e1d1a811.js"
            async=""
        ></script>
        <script
            src="/_next/static/chunks/app/(shop)/not-found-fff46fc3beb2e980.js"
            async=""
        ></script>
        <script
            src="/_next/static/chunks/app/(shop)/(departments)/department/%5Bname%5D/%5Bid%5D/not-found-2787bc13c7d4eb2b.js"
            async=""
        ></script>
        <script
            src="/_next/static/chunks/app/(shop)/layout-f757d11c19b67ae8.js"
            async=""
        ></script>
        <script
            src="/_next/static/chunks/app/(shop)/(departments)/department/%5Bname%5D/%5Bid%5D/page-f136cfeca333deb7.js"
            async=""
        ></script>
        <script
            src="/_next/static/chunks/app/(shop)/(departments)/layout-e18ccf3c78d2be74.js"
            async=""
        ></script>
        <link
            rel="preload"
            as="image"
            imagesrcset="/_next/image?url=https%3A%2F%2Fd3tlizm80tjdt4.cloudfront.net%2Fremote_images%2Fimage%2F5723%2Fsmall%2F63b0ef7755de74914c5a50da256581d0721f73912ee4923b21.jpg&amp;w=16&amp;q=50 16w, /_next/image?url=https%3A%2F%2Fd3tlizm80tjdt4.cloudfront.net%2Fremote_images%2Fimage%2F5723%2Fsmall%2F63b0ef7755de74914c5a50da256581d0721f73912ee4923b21.jpg&amp;w=32&amp;q=50 32w, /_next/image?url=https%3A%2F%2Fd3tlizm80tjdt4.cloudfront.net%2Fremote_images%2Fimage%2F5723%2Fsmall%2F63b0ef7755de74914c5a50da256581d0721f73912ee4923b21.jpg&amp;w=48&amp;q=50 48w, /_next/image?url=https%3A%2F%2Fd3tlizm80tjdt4.cloudfront.net%2Fremote_images%2Fimage%2F5723%2Fsmall%2F63b0ef7755de74914c5a50da256581d0721f73912ee4923b21.jpg&amp;w=64&amp;q=50 64w, /_next/image?url=https%3A%2F%2Fd3tlizm80tjdt4.cloudfront.net%2Fremote_images%2Fimage%2F5723%2Fsmall%2F63b0ef7755de74914c5a50da256581d0721f73912ee4923b21.jpg&amp;w=96&amp;q=50 96w, /_next/image?url=https%3A%2F%2Fd3tlizm80tjdt4.cloudfront.net%2Fremote_images%2Fimage%2F5723%2Fsmall%2F63b0ef7755de74914c5a50da256581d0721f73912ee4923b21.jpg&amp;w=128&amp;q=50 128w, /_next/image?url=https%3A%2F%2Fd3tlizm80tjdt4.cloudfront.net%2Fremote_images%2Fimage%2F5723%2Fsmall%2F63b0ef7755de74914c5a50da256581d0721f73912ee4923b21.jpg&amp;w=256&amp;q=50 256w, /_next/image?url=https%3A%2F%2Fd3tlizm80tjdt4.cloudfront.net%2Fremote_images%2Fimage%2F5723%2Fsmall%2F63b0ef7755de74914c5a50da256581d0721f73912ee4923b21.jpg&amp;w=384&amp;q=50 384w, /_next/image?url=https%3A%2F%2Fd3tlizm80tjdt4.cloudfront.net%2Fremote_images%2Fimage%2F5723%2Fsmall%2F63b0ef7755de74914c5a50da256581d0721f73912ee4923b21.jpg&amp;w=640&amp;q=50 640w, /_next/image?url=https%3A%2F%2Fd3tlizm80tjdt4.cloudfront.net%2Fremote_images%2Fimage%2F5723%2Fsmall%2F63b0ef7755de74914c5a50da256581d0721f73912ee4923b21.jpg&amp;w=750&amp;q=50 750w, /_next/image?url=https%3A%2F%2Fd3tlizm80tjdt4.cloudfront.net%2Fremote_images%2Fimage%2F5723%2Fsmall%2F63b0ef7755de74914c5a50da256581d0721f73912ee4923b21.jpg&amp;w=828&amp;q=50 828w, /_next/image?url=https%3A%2F%2Fd3tlizm80tjdt4.cloudfront.net%2Fremote_images%2Fimage%2F5723%2Fsmall%2F63b0ef7755de74914c5a50da256581d0721f73912ee4923b21.jpg&amp;w=1080&amp;q=50 1080w, /_next/image?url=https%3A%2F%2Fd3tlizm80tjdt4.cloudfront.net%2Fremote_images%2Fimage%2F5723%2Fsmall%2F63b0ef7755de74914c5a50da256581d0721f73912ee4923b21.jpg&amp;w=1200&amp;q=50 1200w, /_next/image?url=https%3A%2F%2Fd3tlizm80tjdt4.cloudfront.net%2Fremote_images%2Fimage%2F5723%2Fsmall%2F63b0ef7755de74914c5a50da256581d0721f73912ee4923b21.jpg&amp;w=1920&amp;q=50 1920w, /_next/image?url=https%3A%2F%2Fd3tlizm80tjdt4.cloudfront.net%2Fremote_images%2Fimage%2F5723%2Fsmall%2F63b0ef7755de74914c5a50da256581d0721f73912ee4923b21.jpg&amp;w=2048&amp;q=50 2048w, /_next/image?url=https%3A%2F%2Fd3tlizm80tjdt4.cloudfront.net%2Fremote_images%2Fimage%2F5723%2Fsmall%2F63b0ef7755de74914c5a50da256581d0721f73912ee4923b21.jpg&amp;w=3840&amp;q=50 3840w"
            imagesizes="auto"
        />
        <link
            rel="preload"
            as="image"
            imagesrcset="/_next/image?url=https%3A%2F%2Fd3tlizm80tjdt4.cloudfront.net%2Fremote_images%2Fimage%2F10816%2Fsmall%2F2048920d241626bd3bad46e85780c82aa9ba11b23f92f26222.jpg&amp;w=16&amp;q=50 16w, /_next/image?url=https%3A%2F%2Fd3tlizm80tjdt4.cloudfront.net%2Fremote_images%2Fimage%2F10816%2Fsmall%2F2048920d241626bd3bad46e85780c82aa9ba11b23f92f26222.jpg&amp;w=32&amp;q=50 32w, /_next/image?url=https%3A%2F%2Fd3tlizm80tjdt4.cloudfront.net%2Fremote_images%2Fimage%2F10816%2Fsmall%2F2048920d241626bd3bad46e85780c82aa9ba11b23f92f26222.jpg&amp;w=48&amp;q=50 48w, /_next/image?url=https%3A%2F%2Fd3tlizm80tjdt4.cloudfront.net%2Fremote_images%2Fimage%2F10816%2Fsmall%2F2048920d241626bd3bad46e85780c82aa9ba11b23f92f26222.jpg&amp;w=64&amp;q=50 64w, /_next/image?url=https%3A%2F%2Fd3tlizm80tjdt4.cloudfront.net%2Fremote_images%2Fimage%2F10816%2Fsmall%2F2048920d241626bd3bad46e85780c82aa9ba11b23f92f26222.jpg&amp;w=96&amp;q=50 96w, /_next/image?url=https%3A%2F%2Fd3tlizm80tjdt4.cloudfront.net%2Fremote_images%2Fimage%2F10816%2Fsmall%2F2048920d241626bd3bad46e85780c82aa9ba11b23f92f26222.jpg&amp;w=128&amp;q=50 128w, /_next/image?url=https%3A%2F%2Fd3tlizm80tjdt4.cloudfront.net%2Fremote_images%2Fimage%2F10816%2Fsmall%2F2048920d241626bd3bad46e85780c82aa9ba11b23f92f26222.jpg&amp;w=256&amp;q=50 256w, /_next/image?url=https%3A%2F%2Fd3tlizm80tjdt4.cloudfront.net%2Fremote_images%2Fimage%2F10816%2Fsmall%2F2048920d241626bd3bad46e85780c82aa9ba11b23f92f26222.jpg&amp;w=384&amp;q=50 384w, /_next/image?url=https%3A%2F%2Fd3tlizm80tjdt4.cloudfront.net%2Fremote_images%2Fimage%2F10816%2Fsmall%2F2048920d241626bd3bad46e85780c82aa9ba11b23f92f26222.jpg&amp;w=640&amp;q=50 640w, /_next/image?url=https%3A%2F%2Fd3tlizm80tjdt4.cloudfront.net%2Fremote_images%2Fimage%2F10816%2Fsmall%2F2048920d241626bd3bad46e85780c82aa9ba11b23f92f26222.jpg&amp;w=750&amp;q=50 750w, /_next/image?url=https%3A%2F%2Fd3tlizm80tjdt4.cloudfront.net%2Fremote_images%2Fimage%2F10816%2Fsmall%2F2048920d241626bd3bad46e85780c82aa9ba11b23f92f26222.jpg&amp;w=828&amp;q=50 828w, /_next/image?url=https%3A%2F%2Fd3tlizm80tjdt4.cloudfront.net%2Fremote_images%2Fimage%2F10816%2Fsmall%2F2048920d241626bd3bad46e85780c82aa9ba11b23f92f26222.jpg&amp;w=1080&amp;q=50 1080w, /_next/image?url=https%3A%2F%2Fd3tlizm80tjdt4.cloudfront.net%2Fremote_images%2Fimage%2F10816%2Fsmall%2F2048920d241626bd3bad46e85780c82aa9ba11b23f92f26222.jpg&amp;w=1200&amp;q=50 1200w, /_next/image?url=https%3A%2F%2Fd3tlizm80tjdt4.cloudfront.net%2Fremote_images%2Fimage%2F10816%2Fsmall%2F2048920d241626bd3bad46e85780c82aa9ba11b23f92f26222.jpg&amp;w=1920&amp;q=50 1920w, /_next/image?url=https%3A%2F%2Fd3tlizm80tjdt4.cloudfront.net%2Fremote_images%2Fimage%2F10816%2Fsmall%2F2048920d241626bd3bad46e85780c82aa9ba11b23f92f26222.jpg&amp;w=2048&amp;q=50 2048w, /_next/image?url=https%3A%2F%2Fd3tlizm80tjdt4.cloudfront.net%2Fremote_images%2Fimage%2F10816%2Fsmall%2F2048920d241626bd3bad46e85780c82aa9ba11b23f92f26222.jpg&amp;w=3840&amp;q=50 3840w"
            imagesizes="auto"
        />
        <link
            rel="preload"
            as="image"
            imagesrcset="/_next/image?url=https%3A%2F%2Fd3tlizm80tjdt4.cloudfront.net%2Fimage%2F11595%2Fimage%2Fsm-a149c106d663df481f081d8fa47bcf0f.jpeg&amp;w=16&amp;q=50 16w, /_next/image?url=https%3A%2F%2Fd3tlizm80tjdt4.cloudfront.net%2Fimage%2F11595%2Fimage%2Fsm-a149c106d663df481f081d8fa47bcf0f.jpeg&amp;w=32&amp;q=50 32w, /_next/image?url=https%3A%2F%2Fd3tlizm80tjdt4.cloudfront.net%2Fimage%2F11595%2Fimage%2Fsm-a149c106d663df481f081d8fa47bcf0f.jpeg&amp;w=48&amp;q=50 48w, /_next/image?url=https%3A%2F%2Fd3tlizm80tjdt4.cloudfront.net%2Fimage%2F11595%2Fimage%2Fsm-a149c106d663df481f081d8fa47bcf0f.jpeg&amp;w=64&amp;q=50 64w, /_next/image?url=https%3A%2F%2Fd3tlizm80tjdt4.cloudfront.net%2Fimage%2F11595%2Fimage%2Fsm-a149c106d663df481f081d8fa47bcf0f.jpeg&amp;w=96&amp;q=50 96w, /_next/image?url=https%3A%2F%2Fd3tlizm80tjdt4.cloudfront.net%2Fimage%2F11595%2Fimage%2Fsm-a149c106d663df481f081d8fa47bcf0f.jpeg&amp;w=128&amp;q=50 128w, /_next/image?url=https%3A%2F%2Fd3tlizm80tjdt4.cloudfront.net%2Fimage%2F11595%2Fimage%2Fsm-a149c106d663df481f081d8fa47bcf0f.jpeg&amp;w=256&amp;q=50 256w, /_next/image?url=https%3A%2F%2Fd3tlizm80tjdt4.cloudfront.net%2Fimage%2F11595%2Fimage%2Fsm-a149c106d663df481f081d8fa47bcf0f.jpeg&amp;w=384&amp;q=50 384w, /_next/image?url=https%3A%2F%2Fd3tlizm80tjdt4.cloudfront.net%2Fimage%2F11595%2Fimage%2Fsm-a149c106d663df481f081d8fa47bcf0f.jpeg&amp;w=640&amp;q=50 640w, /_next/image?url=https%3A%2F%2Fd3tlizm80tjdt4.cloudfront.net%2Fimage%2F11595%2Fimage%2Fsm-a149c106d663df481f081d8fa47bcf0f.jpeg&amp;w=750&amp;q=50 750w, /_next/image?url=https%3A%2F%2Fd3tlizm80tjdt4.cloudfront.net%2Fimage%2F11595%2Fimage%2Fsm-a149c106d663df481f081d8fa47bcf0f.jpeg&amp;w=828&amp;q=50 828w, /_next/image?url=https%3A%2F%2Fd3tlizm80tjdt4.cloudfront.net%2Fimage%2F11595%2Fimage%2Fsm-a149c106d663df481f081d8fa47bcf0f.jpeg&amp;w=1080&amp;q=50 1080w, /_next/image?url=https%3A%2F%2Fd3tlizm80tjdt4.cloudfront.net%2Fimage%2F11595%2Fimage%2Fsm-a149c106d663df481f081d8fa47bcf0f.jpeg&amp;w=1200&amp;q=50 1200w, /_next/image?url=https%3A%2F%2Fd3tlizm80tjdt4.cloudfront.net%2Fimage%2F11595%2Fimage%2Fsm-a149c106d663df481f081d8fa47bcf0f.jpeg&amp;w=1920&amp;q=50 1920w, /_next/image?url=https%3A%2F%2Fd3tlizm80tjdt4.cloudfront.net%2Fimage%2F11595%2Fimage%2Fsm-a149c106d663df481f081d8fa47bcf0f.jpeg&amp;w=2048&amp;q=50 2048w, /_next/image?url=https%3A%2F%2Fd3tlizm80tjdt4.cloudfront.net%2Fimage%2F11595%2Fimage%2Fsm-a149c106d663df481f081d8fa47bcf0f.jpeg&amp;w=3840&amp;q=50 3840w"
            imagesizes="auto"
        />
        <link
            rel="preload"
            as="image"
            imagesrcset="/_next/image?url=https%3A%2F%2Fd3tlizm80tjdt4.cloudfront.net%2Fimage%2F17447%2Fimage%2Fsm-b7f1d5ebed658c7a48b315af49bb5e0d.png&amp;w=16&amp;q=50 16w, /_next/image?url=https%3A%2F%2Fd3tlizm80tjdt4.cloudfront.net%2Fimage%2F17447%2Fimage%2Fsm-b7f1d5ebed658c7a48b315af49bb5e0d.png&amp;w=32&amp;q=50 32w, /_next/image?url=https%3A%2F%2Fd3tlizm80tjdt4.cloudfront.net%2Fimage%2F17447%2Fimage%2Fsm-b7f1d5ebed658c7a48b315af49bb5e0d.png&amp;w=48&amp;q=50 48w, /_next/image?url=https%3A%2F%2Fd3tlizm80tjdt4.cloudfront.net%2Fimage%2F17447%2Fimage%2Fsm-b7f1d5ebed658c7a48b315af49bb5e0d.png&amp;w=64&amp;q=50 64w, /_next/image?url=https%3A%2F%2Fd3tlizm80tjdt4.cloudfront.net%2Fimage%2F17447%2Fimage%2Fsm-b7f1d5ebed658c7a48b315af49bb5e0d.png&amp;w=96&amp;q=50 96w, /_next/image?url=https%3A%2F%2Fd3tlizm80tjdt4.cloudfront.net%2Fimage%2F17447%2Fimage%2Fsm-b7f1d5ebed658c7a48b315af49bb5e0d.png&amp;w=128&amp;q=50 128w, /_next/image?url=https%3A%2F%2Fd3tlizm80tjdt4.cloudfront.net%2Fimage%2F17447%2Fimage%2Fsm-b7f1d5ebed658c7a48b315af49bb5e0d.png&amp;w=256&amp;q=50 256w, /_next/image?url=https%3A%2F%2Fd3tlizm80tjdt4.cloudfront.net%2Fimage%2F17447%2Fimage%2Fsm-b7f1d5ebed658c7a48b315af49bb5e0d.png&amp;w=384&amp;q=50 384w, /_next/image?url=https%3A%2F%2Fd3tlizm80tjdt4.cloudfront.net%2Fimage%2F17447%2Fimage%2Fsm-b7f1d5ebed658c7a48b315af49bb5e0d.png&amp;w=640&amp;q=50 640w, /_next/image?url=https%3A%2F%2Fd3tlizm80tjdt4.cloudfront.net%2Fimage%2F17447%2Fimage%2Fsm-b7f1d5ebed658c7a48b315af49bb5e0d.png&amp;w=750&amp;q=50 750w, /_next/image?url=https%3A%2F%2Fd3tlizm80tjdt4.cloudfront.net%2Fimage%2F17447%2Fimage%2Fsm-b7f1d5ebed658c7a48b315af49bb5e0d.png&amp;w=828&amp;q=50 828w, /_next/image?url=https%3A%2F%2Fd3tlizm80tjdt4.cloudfront.net%2Fimage%2F17447%2Fimage%2Fsm-b7f1d5ebed658c7a48b315af49bb5e0d.png&amp;w=1080&amp;q=50 1080w, /_next/image?url=https%3A%2F%2Fd3tlizm80tjdt4.cloudfront.net%2Fimage%2F17447%2Fimage%2Fsm-b7f1d5ebed658c7a48b315af49bb5e0d.png&amp;w=1200&amp;q=50 1200w, /_next/image?url=https%3A%2F%2Fd3tlizm80tjdt4.cloudfront.net%2Fimage%2F17447%2Fimage%2Fsm-b7f1d5ebed658c7a48b315af49bb5e0d.png&amp;w=1920&amp;q=50 1920w, /_next/image?url=https%3A%2F%2Fd3tlizm80tjdt4.cloudfront.net%2Fimage%2F17447%2Fimage%2Fsm-b7f1d5ebed658c7a48b315af49bb5e0d.png&amp;w=2048&amp;q=50 2048w, /_next/image?url=https%3A%2F%2Fd3tlizm80tjdt4.cloudfront.net%2Fimage%2F17447%2Fimage%2Fsm-b7f1d5ebed658c7a48b315af49bb5e0d.png&amp;w=3840&amp;q=50 3840w"
            imagesizes="auto"
        />
        <link
            rel="preload"
            as="image"
            imagesrcset="/_next/image?url=https%3A%2F%2Fd3tlizm80tjdt4.cloudfront.net%2Fimage%2F17540%2Fimage%2Fsm-c373691cb060f68e4cc8b4904a692eda.png&amp;w=16&amp;q=50 16w, /_next/image?url=https%3A%2F%2Fd3tlizm80tjdt4.cloudfront.net%2Fimage%2F17540%2Fimage%2Fsm-c373691cb060f68e4cc8b4904a692eda.png&amp;w=32&amp;q=50 32w, /_next/image?url=https%3A%2F%2Fd3tlizm80tjdt4.cloudfront.net%2Fimage%2F17540%2Fimage%2Fsm-c373691cb060f68e4cc8b4904a692eda.png&amp;w=48&amp;q=50 48w, /_next/image?url=https%3A%2F%2Fd3tlizm80tjdt4.cloudfront.net%2Fimage%2F17540%2Fimage%2Fsm-c373691cb060f68e4cc8b4904a692eda.png&amp;w=64&amp;q=50 64w, /_next/image?url=https%3A%2F%2Fd3tlizm80tjdt4.cloudfront.net%2Fimage%2F17540%2Fimage%2Fsm-c373691cb060f68e4cc8b4904a692eda.png&amp;w=96&amp;q=50 96w, /_next/image?url=https%3A%2F%2Fd3tlizm80tjdt4.cloudfront.net%2Fimage%2F17540%2Fimage%2Fsm-c373691cb060f68e4cc8b4904a692eda.png&amp;w=128&amp;q=50 128w, /_next/image?url=https%3A%2F%2Fd3tlizm80tjdt4.cloudfront.net%2Fimage%2F17540%2Fimage%2Fsm-c373691cb060f68e4cc8b4904a692eda.png&amp;w=256&amp;q=50 256w, /_next/image?url=https%3A%2F%2Fd3tlizm80tjdt4.cloudfront.net%2Fimage%2F17540%2Fimage%2Fsm-c373691cb060f68e4cc8b4904a692eda.png&amp;w=384&amp;q=50 384w, /_next/image?url=https%3A%2F%2Fd3tlizm80tjdt4.cloudfront.net%2Fimage%2F17540%2Fimage%2Fsm-c373691cb060f68e4cc8b4904a692eda.png&amp;w=640&amp;q=50 640w, /_next/image?url=https%3A%2F%2Fd3tlizm80tjdt4.cloudfront.net%2Fimage%2F17540%2Fimage%2Fsm-c373691cb060f68e4cc8b4904a692eda.png&amp;w=750&amp;q=50 750w, /_next/image?url=https%3A%2F%2Fd3tlizm80tjdt4.cloudfront.net%2Fimage%2F17540%2Fimage%2Fsm-c373691cb060f68e4cc8b4904a692eda.png&amp;w=828&amp;q=50 828w, /_next/image?url=https%3A%2F%2Fd3tlizm80tjdt4.cloudfront.net%2Fimage%2F17540%2Fimage%2Fsm-c373691cb060f68e4cc8b4904a692eda.png&amp;w=1080&amp;q=50 1080w, /_next/image?url=https%3A%2F%2Fd3tlizm80tjdt4.cloudfront.net%2Fimage%2F17540%2Fimage%2Fsm-c373691cb060f68e4cc8b4904a692eda.png&amp;w=1200&amp;q=50 1200w, /_next/image?url=https%3A%2F%2Fd3tlizm80tjdt4.cloudfront.net%2Fimage%2F17540%2Fimage%2Fsm-c373691cb060f68e4cc8b4904a692eda.png&amp;w=1920&amp;q=50 1920w, /_next/image?url=https%3A%2F%2Fd3tlizm80tjdt4.cloudfront.net%2Fimage%2F17540%2Fimage%2Fsm-c373691cb060f68e4cc8b4904a692eda.png&amp;w=2048&amp;q=50 2048w, /_next/image?url=https%3A%2F%2Fd3tlizm80tjdt4.cloudfront.net%2Fimage%2F17540%2Fimage%2Fsm-c373691cb060f68e4cc8b4904a692eda.png&amp;w=3840&amp;q=50 3840w"
            imagesizes="auto"
        />
        <link
            rel="preload"
            as="image"
            imagesrcset="/_next/image?url=https%3A%2F%2Fd3tlizm80tjdt4.cloudfront.net%2Fimage%2F5982%2Fimage%2Fsm-9aa3ae766c94f5a2fcc8f244a97460de.jpg&amp;w=16&amp;q=50 16w, /_next/image?url=https%3A%2F%2Fd3tlizm80tjdt4.cloudfront.net%2Fimage%2F5982%2Fimage%2Fsm-9aa3ae766c94f5a2fcc8f244a97460de.jpg&amp;w=32&amp;q=50 32w, /_next/image?url=https%3A%2F%2Fd3tlizm80tjdt4.cloudfront.net%2Fimage%2F5982%2Fimage%2Fsm-9aa3ae766c94f5a2fcc8f244a97460de.jpg&amp;w=48&amp;q=50 48w, /_next/image?url=https%3A%2F%2Fd3tlizm80tjdt4.cloudfront.net%2Fimage%2F5982%2Fimage%2Fsm-9aa3ae766c94f5a2fcc8f244a97460de.jpg&amp;w=64&amp;q=50 64w, /_next/image?url=https%3A%2F%2Fd3tlizm80tjdt4.cloudfront.net%2Fimage%2F5982%2Fimage%2Fsm-9aa3ae766c94f5a2fcc8f244a97460de.jpg&amp;w=96&amp;q=50 96w, /_next/image?url=https%3A%2F%2Fd3tlizm80tjdt4.cloudfront.net%2Fimage%2F5982%2Fimage%2Fsm-9aa3ae766c94f5a2fcc8f244a97460de.jpg&amp;w=128&amp;q=50 128w, /_next/image?url=https%3A%2F%2Fd3tlizm80tjdt4.cloudfront.net%2Fimage%2F5982%2Fimage%2Fsm-9aa3ae766c94f5a2fcc8f244a97460de.jpg&amp;w=256&amp;q=50 256w, /_next/image?url=https%3A%2F%2Fd3tlizm80tjdt4.cloudfront.net%2Fimage%2F5982%2Fimage%2Fsm-9aa3ae766c94f5a2fcc8f244a97460de.jpg&amp;w=384&amp;q=50 384w, /_next/image?url=https%3A%2F%2Fd3tlizm80tjdt4.cloudfront.net%2Fimage%2F5982%2Fimage%2Fsm-9aa3ae766c94f5a2fcc8f244a97460de.jpg&amp;w=640&amp;q=50 640w, /_next/image?url=https%3A%2F%2Fd3tlizm80tjdt4.cloudfront.net%2Fimage%2F5982%2Fimage%2Fsm-9aa3ae766c94f5a2fcc8f244a97460de.jpg&amp;w=750&amp;q=50 750w, /_next/image?url=https%3A%2F%2Fd3tlizm80tjdt4.cloudfront.net%2Fimage%2F5982%2Fimage%2Fsm-9aa3ae766c94f5a2fcc8f244a97460de.jpg&amp;w=828&amp;q=50 828w, /_next/image?url=https%3A%2F%2Fd3tlizm80tjdt4.cloudfront.net%2Fimage%2F5982%2Fimage%2Fsm-9aa3ae766c94f5a2fcc8f244a97460de.jpg&amp;w=1080&amp;q=50 1080w, /_next/image?url=https%3A%2F%2Fd3tlizm80tjdt4.cloudfront.net%2Fimage%2F5982%2Fimage%2Fsm-9aa3ae766c94f5a2fcc8f244a97460de.jpg&amp;w=1200&amp;q=50 1200w, /_next/image?url=https%3A%2F%2Fd3tlizm80tjdt4.cloudfront.net%2Fimage%2F5982%2Fimage%2Fsm-9aa3ae766c94f5a2fcc8f244a97460de.jpg&amp;w=1920&amp;q=50 1920w, /_next/image?url=https%3A%2F%2Fd3tlizm80tjdt4.cloudfront.net%2Fimage%2F5982%2Fimage%2Fsm-9aa3ae766c94f5a2fcc8f244a97460de.jpg&amp;w=2048&amp;q=50 2048w, /_next/image?url=https%3A%2F%2Fd3tlizm80tjdt4.cloudfront.net%2Fimage%2F5982%2Fimage%2Fsm-9aa3ae766c94f5a2fcc8f244a97460de.jpg&amp;w=3840&amp;q=50 3840w"
            imagesizes="auto"
        />
        <link
            rel="preload"
            as="image"
            imagesrcset="/_next/image?url=https%3A%2F%2Fd3tlizm80tjdt4.cloudfront.net%2Fremote_images%2Fimage%2F7215%2Fsmall%2F0a7da17fd94fe5c52868137e402c2fb20947dba2f4b452a049.jpg&amp;w=16&amp;q=50 16w, /_next/image?url=https%3A%2F%2Fd3tlizm80tjdt4.cloudfront.net%2Fremote_images%2Fimage%2F7215%2Fsmall%2F0a7da17fd94fe5c52868137e402c2fb20947dba2f4b452a049.jpg&amp;w=32&amp;q=50 32w, /_next/image?url=https%3A%2F%2Fd3tlizm80tjdt4.cloudfront.net%2Fremote_images%2Fimage%2F7215%2Fsmall%2F0a7da17fd94fe5c52868137e402c2fb20947dba2f4b452a049.jpg&amp;w=48&amp;q=50 48w, /_next/image?url=https%3A%2F%2Fd3tlizm80tjdt4.cloudfront.net%2Fremote_images%2Fimage%2F7215%2Fsmall%2F0a7da17fd94fe5c52868137e402c2fb20947dba2f4b452a049.jpg&amp;w=64&amp;q=50 64w, /_next/image?url=https%3A%2F%2Fd3tlizm80tjdt4.cloudfront.net%2Fremote_images%2Fimage%2F7215%2Fsmall%2F0a7da17fd94fe5c52868137e402c2fb20947dba2f4b452a049.jpg&amp;w=96&amp;q=50 96w, /_next/image?url=https%3A%2F%2Fd3tlizm80tjdt4.cloudfront.net%2Fremote_images%2Fimage%2F7215%2Fsmall%2F0a7da17fd94fe5c52868137e402c2fb20947dba2f4b452a049.jpg&amp;w=128&amp;q=50 128w, /_next/image?url=https%3A%2F%2Fd3tlizm80tjdt4.cloudfront.net%2Fremote_images%2Fimage%2F7215%2Fsmall%2F0a7da17fd94fe5c52868137e402c2fb20947dba2f4b452a049.jpg&amp;w=256&amp;q=50 256w, /_next/image?url=https%3A%2F%2Fd3tlizm80tjdt4.cloudfront.net%2Fremote_images%2Fimage%2F7215%2Fsmall%2F0a7da17fd94fe5c52868137e402c2fb20947dba2f4b452a049.jpg&amp;w=384&amp;q=50 384w, /_next/image?url=https%3A%2F%2Fd3tlizm80tjdt4.cloudfront.net%2Fremote_images%2Fimage%2F7215%2Fsmall%2F0a7da17fd94fe5c52868137e402c2fb20947dba2f4b452a049.jpg&amp;w=640&amp;q=50 640w, /_next/image?url=https%3A%2F%2Fd3tlizm80tjdt4.cloudfront.net%2Fremote_images%2Fimage%2F7215%2Fsmall%2F0a7da17fd94fe5c52868137e402c2fb20947dba2f4b452a049.jpg&amp;w=750&amp;q=50 750w, /_next/image?url=https%3A%2F%2Fd3tlizm80tjdt4.cloudfront.net%2Fremote_images%2Fimage%2F7215%2Fsmall%2F0a7da17fd94fe5c52868137e402c2fb20947dba2f4b452a049.jpg&amp;w=828&amp;q=50 828w, /_next/image?url=https%3A%2F%2Fd3tlizm80tjdt4.cloudfront.net%2Fremote_images%2Fimage%2F7215%2Fsmall%2F0a7da17fd94fe5c52868137e402c2fb20947dba2f4b452a049.jpg&amp;w=1080&amp;q=50 1080w, /_next/image?url=https%3A%2F%2Fd3tlizm80tjdt4.cloudfront.net%2Fremote_images%2Fimage%2F7215%2Fsmall%2F0a7da17fd94fe5c52868137e402c2fb20947dba2f4b452a049.jpg&amp;w=1200&amp;q=50 1200w, /_next/image?url=https%3A%2F%2Fd3tlizm80tjdt4.cloudfront.net%2Fremote_images%2Fimage%2F7215%2Fsmall%2F0a7da17fd94fe5c52868137e402c2fb20947dba2f4b452a049.jpg&amp;w=1920&amp;q=50 1920w, /_next/image?url=https%3A%2F%2Fd3tlizm80tjdt4.cloudfront.net%2Fremote_images%2Fimage%2F7215%2Fsmall%2F0a7da17fd94fe5c52868137e402c2fb20947dba2f4b452a049.jpg&amp;w=2048&amp;q=50 2048w, /_next/image?url=https%3A%2F%2Fd3tlizm80tjdt4.cloudfront.net%2Fremote_images%2Fimage%2F7215%2Fsmall%2F0a7da17fd94fe5c52868137e402c2fb20947dba2f4b452a049.jpg&amp;w=3840&amp;q=50 3840w"
            imagesizes="auto"
        />
        <link
            rel="preload"
            as="image"
            imagesrcset="/_next/image?url=https%3A%2F%2Fd3tlizm80tjdt4.cloudfront.net%2Fimage%2F14820%2Fimage%2Fsm-d0fbe266cac5dbbfe601de287ad60344.png&amp;w=16&amp;q=50 16w, /_next/image?url=https%3A%2F%2Fd3tlizm80tjdt4.cloudfront.net%2Fimage%2F14820%2Fimage%2Fsm-d0fbe266cac5dbbfe601de287ad60344.png&amp;w=32&amp;q=50 32w, /_next/image?url=https%3A%2F%2Fd3tlizm80tjdt4.cloudfront.net%2Fimage%2F14820%2Fimage%2Fsm-d0fbe266cac5dbbfe601de287ad60344.png&amp;w=48&amp;q=50 48w, /_next/image?url=https%3A%2F%2Fd3tlizm80tjdt4.cloudfront.net%2Fimage%2F14820%2Fimage%2Fsm-d0fbe266cac5dbbfe601de287ad60344.png&amp;w=64&amp;q=50 64w, /_next/image?url=https%3A%2F%2Fd3tlizm80tjdt4.cloudfront.net%2Fimage%2F14820%2Fimage%2Fsm-d0fbe266cac5dbbfe601de287ad60344.png&amp;w=96&amp;q=50 96w, /_next/image?url=https%3A%2F%2Fd3tlizm80tjdt4.cloudfront.net%2Fimage%2F14820%2Fimage%2Fsm-d0fbe266cac5dbbfe601de287ad60344.png&amp;w=128&amp;q=50 128w, /_next/image?url=https%3A%2F%2Fd3tlizm80tjdt4.cloudfront.net%2Fimage%2F14820%2Fimage%2Fsm-d0fbe266cac5dbbfe601de287ad60344.png&amp;w=256&amp;q=50 256w, /_next/image?url=https%3A%2F%2Fd3tlizm80tjdt4.cloudfront.net%2Fimage%2F14820%2Fimage%2Fsm-d0fbe266cac5dbbfe601de287ad60344.png&amp;w=384&amp;q=50 384w, /_next/image?url=https%3A%2F%2Fd3tlizm80tjdt4.cloudfront.net%2Fimage%2F14820%2Fimage%2Fsm-d0fbe266cac5dbbfe601de287ad60344.png&amp;w=640&amp;q=50 640w, /_next/image?url=https%3A%2F%2Fd3tlizm80tjdt4.cloudfront.net%2Fimage%2F14820%2Fimage%2Fsm-d0fbe266cac5dbbfe601de287ad60344.png&amp;w=750&amp;q=50 750w, /_next/image?url=https%3A%2F%2Fd3tlizm80tjdt4.cloudfront.net%2Fimage%2F14820%2Fimage%2Fsm-d0fbe266cac5dbbfe601de287ad60344.png&amp;w=828&amp;q=50 828w, /_next/image?url=https%3A%2F%2Fd3tlizm80tjdt4.cloudfront.net%2Fimage%2F14820%2Fimage%2Fsm-d0fbe266cac5dbbfe601de287ad60344.png&amp;w=1080&amp;q=50 1080w, /_next/image?url=https%3A%2F%2Fd3tlizm80tjdt4.cloudfront.net%2Fimage%2F14820%2Fimage%2Fsm-d0fbe266cac5dbbfe601de287ad60344.png&amp;w=1200&amp;q=50 1200w, /_next/image?url=https%3A%2F%2Fd3tlizm80tjdt4.cloudfront.net%2Fimage%2F14820%2Fimage%2Fsm-d0fbe266cac5dbbfe601de287ad60344.png&amp;w=1920&amp;q=50 1920w, /_next/image?url=https%3A%2F%2Fd3tlizm80tjdt4.cloudfront.net%2Fimage%2F14820%2Fimage%2Fsm-d0fbe266cac5dbbfe601de287ad60344.png&amp;w=2048&amp;q=50 2048w, /_next/image?url=https%3A%2F%2Fd3tlizm80tjdt4.cloudfront.net%2Fimage%2F14820%2Fimage%2Fsm-d0fbe266cac5dbbfe601de287ad60344.png&amp;w=3840&amp;q=50 3840w"
            imagesizes="auto"
        />
        <link
            rel="preload"
            as="image"
            imagesrcset="/_next/image?url=https%3A%2F%2Fd3tlizm80tjdt4.cloudfront.net%2Fimage%2F8966%2Fimage%2Fsm-0ad8abe6c7be4ec1371aa99b8a1fe80d.jpeg&amp;w=16&amp;q=50 16w, /_next/image?url=https%3A%2F%2Fd3tlizm80tjdt4.cloudfront.net%2Fimage%2F8966%2Fimage%2Fsm-0ad8abe6c7be4ec1371aa99b8a1fe80d.jpeg&amp;w=32&amp;q=50 32w, /_next/image?url=https%3A%2F%2Fd3tlizm80tjdt4.cloudfront.net%2Fimage%2F8966%2Fimage%2Fsm-0ad8abe6c7be4ec1371aa99b8a1fe80d.jpeg&amp;w=48&amp;q=50 48w, /_next/image?url=https%3A%2F%2Fd3tlizm80tjdt4.cloudfront.net%2Fimage%2F8966%2Fimage%2Fsm-0ad8abe6c7be4ec1371aa99b8a1fe80d.jpeg&amp;w=64&amp;q=50 64w, /_next/image?url=https%3A%2F%2Fd3tlizm80tjdt4.cloudfront.net%2Fimage%2F8966%2Fimage%2Fsm-0ad8abe6c7be4ec1371aa99b8a1fe80d.jpeg&amp;w=96&amp;q=50 96w, /_next/image?url=https%3A%2F%2Fd3tlizm80tjdt4.cloudfront.net%2Fimage%2F8966%2Fimage%2Fsm-0ad8abe6c7be4ec1371aa99b8a1fe80d.jpeg&amp;w=128&amp;q=50 128w, /_next/image?url=https%3A%2F%2Fd3tlizm80tjdt4.cloudfront.net%2Fimage%2F8966%2Fimage%2Fsm-0ad8abe6c7be4ec1371aa99b8a1fe80d.jpeg&amp;w=256&amp;q=50 256w, /_next/image?url=https%3A%2F%2Fd3tlizm80tjdt4.cloudfront.net%2Fimage%2F8966%2Fimage%2Fsm-0ad8abe6c7be4ec1371aa99b8a1fe80d.jpeg&amp;w=384&amp;q=50 384w, /_next/image?url=https%3A%2F%2Fd3tlizm80tjdt4.cloudfront.net%2Fimage%2F8966%2Fimage%2Fsm-0ad8abe6c7be4ec1371aa99b8a1fe80d.jpeg&amp;w=640&amp;q=50 640w, /_next/image?url=https%3A%2F%2Fd3tlizm80tjdt4.cloudfront.net%2Fimage%2F8966%2Fimage%2Fsm-0ad8abe6c7be4ec1371aa99b8a1fe80d.jpeg&amp;w=750&amp;q=50 750w, /_next/image?url=https%3A%2F%2Fd3tlizm80tjdt4.cloudfront.net%2Fimage%2F8966%2Fimage%2Fsm-0ad8abe6c7be4ec1371aa99b8a1fe80d.jpeg&amp;w=828&amp;q=50 828w, /_next/image?url=https%3A%2F%2Fd3tlizm80tjdt4.cloudfront.net%2Fimage%2F8966%2Fimage%2Fsm-0ad8abe6c7be4ec1371aa99b8a1fe80d.jpeg&amp;w=1080&amp;q=50 1080w, /_next/image?url=https%3A%2F%2Fd3tlizm80tjdt4.cloudfront.net%2Fimage%2F8966%2Fimage%2Fsm-0ad8abe6c7be4ec1371aa99b8a1fe80d.jpeg&amp;w=1200&amp;q=50 1200w, /_next/image?url=https%3A%2F%2Fd3tlizm80tjdt4.cloudfront.net%2Fimage%2F8966%2Fimage%2Fsm-0ad8abe6c7be4ec1371aa99b8a1fe80d.jpeg&amp;w=1920&amp;q=50 1920w, /_next/image?url=https%3A%2F%2Fd3tlizm80tjdt4.cloudfront.net%2Fimage%2F8966%2Fimage%2Fsm-0ad8abe6c7be4ec1371aa99b8a1fe80d.jpeg&amp;w=2048&amp;q=50 2048w, /_next/image?url=https%3A%2F%2Fd3tlizm80tjdt4.cloudfront.net%2Fimage%2F8966%2Fimage%2Fsm-0ad8abe6c7be4ec1371aa99b8a1fe80d.jpeg&amp;w=3840&amp;q=50 3840w"
            imagesizes="auto"
        />
        <link
            rel="preload"
            as="image"
            imagesrcset="/_next/image?url=https%3A%2F%2Fd3tlizm80tjdt4.cloudfront.net%2Fremote_images%2Fimage%2F1088%2Fsmall%2Fe9d4570a644a2ae0665f696c669bff43b9d6ccd681d0ebc349.jpg&amp;w=16&amp;q=50 16w, /_next/image?url=https%3A%2F%2Fd3tlizm80tjdt4.cloudfront.net%2Fremote_images%2Fimage%2F1088%2Fsmall%2Fe9d4570a644a2ae0665f696c669bff43b9d6ccd681d0ebc349.jpg&amp;w=32&amp;q=50 32w, /_next/image?url=https%3A%2F%2Fd3tlizm80tjdt4.cloudfront.net%2Fremote_images%2Fimage%2F1088%2Fsmall%2Fe9d4570a644a2ae0665f696c669bff43b9d6ccd681d0ebc349.jpg&amp;w=48&amp;q=50 48w, /_next/image?url=https%3A%2F%2Fd3tlizm80tjdt4.cloudfront.net%2Fremote_images%2Fimage%2F1088%2Fsmall%2Fe9d4570a644a2ae0665f696c669bff43b9d6ccd681d0ebc349.jpg&amp;w=64&amp;q=50 64w, /_next/image?url=https%3A%2F%2Fd3tlizm80tjdt4.cloudfront.net%2Fremote_images%2Fimage%2F1088%2Fsmall%2Fe9d4570a644a2ae0665f696c669bff43b9d6ccd681d0ebc349.jpg&amp;w=96&amp;q=50 96w, /_next/image?url=https%3A%2F%2Fd3tlizm80tjdt4.cloudfront.net%2Fremote_images%2Fimage%2F1088%2Fsmall%2Fe9d4570a644a2ae0665f696c669bff43b9d6ccd681d0ebc349.jpg&amp;w=128&amp;q=50 128w, /_next/image?url=https%3A%2F%2Fd3tlizm80tjdt4.cloudfront.net%2Fremote_images%2Fimage%2F1088%2Fsmall%2Fe9d4570a644a2ae0665f696c669bff43b9d6ccd681d0ebc349.jpg&amp;w=256&amp;q=50 256w, /_next/image?url=https%3A%2F%2Fd3tlizm80tjdt4.cloudfront.net%2Fremote_images%2Fimage%2F1088%2Fsmall%2Fe9d4570a644a2ae0665f696c669bff43b9d6ccd681d0ebc349.jpg&amp;w=384&amp;q=50 384w, /_next/image?url=https%3A%2F%2Fd3tlizm80tjdt4.cloudfront.net%2Fremote_images%2Fimage%2F1088%2Fsmall%2Fe9d4570a644a2ae0665f696c669bff43b9d6ccd681d0ebc349.jpg&amp;w=640&amp;q=50 640w, /_next/image?url=https%3A%2F%2Fd3tlizm80tjdt4.cloudfront.net%2Fremote_images%2Fimage%2F1088%2Fsmall%2Fe9d4570a644a2ae0665f696c669bff43b9d6ccd681d0ebc349.jpg&amp;w=750&amp;q=50 750w, /_next/image?url=https%3A%2F%2Fd3tlizm80tjdt4.cloudfront.net%2Fremote_images%2Fimage%2F1088%2Fsmall%2Fe9d4570a644a2ae0665f696c669bff43b9d6ccd681d0ebc349.jpg&amp;w=828&amp;q=50 828w, /_next/image?url=https%3A%2F%2Fd3tlizm80tjdt4.cloudfront.net%2Fremote_images%2Fimage%2F1088%2Fsmall%2Fe9d4570a644a2ae0665f696c669bff43b9d6ccd681d0ebc349.jpg&amp;w=1080&amp;q=50 1080w, /_next/image?url=https%3A%2F%2Fd3tlizm80tjdt4.cloudfront.net%2Fremote_images%2Fimage%2F1088%2Fsmall%2Fe9d4570a644a2ae0665f696c669bff43b9d6ccd681d0ebc349.jpg&amp;w=1200&amp;q=50 1200w, /_next/image?url=https%3A%2F%2Fd3tlizm80tjdt4.cloudfront.net%2Fremote_images%2Fimage%2F1088%2Fsmall%2Fe9d4570a644a2ae0665f696c669bff43b9d6ccd681d0ebc349.jpg&amp;w=1920&amp;q=50 1920w, /_next/image?url=https%3A%2F%2Fd3tlizm80tjdt4.cloudfront.net%2Fremote_images%2Fimage%2F1088%2Fsmall%2Fe9d4570a644a2ae0665f696c669bff43b9d6ccd681d0ebc349.jpg&amp;w=2048&amp;q=50 2048w, /_next/image?url=https%3A%2F%2Fd3tlizm80tjdt4.cloudfront.net%2Fremote_images%2Fimage%2F1088%2Fsmall%2Fe9d4570a644a2ae0665f696c669bff43b9d6ccd681d0ebc349.jpg&amp;w=3840&amp;q=50 3840w"
            imagesizes="auto"
        />
        <link
            rel="preload"
            as="image"
            imagesrcset="/_next/image?url=https%3A%2F%2Fd3tlizm80tjdt4.cloudfront.net%2Fremote_images%2Fimage%2F2271%2Fsmall%2F7de5ff58f2fa420e59ed1a97ee95b035b5f2ecaaba98eada2b.jpg&amp;w=16&amp;q=50 16w, /_next/image?url=https%3A%2F%2Fd3tlizm80tjdt4.cloudfront.net%2Fremote_images%2Fimage%2F2271%2Fsmall%2F7de5ff58f2fa420e59ed1a97ee95b035b5f2ecaaba98eada2b.jpg&amp;w=32&amp;q=50 32w, /_next/image?url=https%3A%2F%2Fd3tlizm80tjdt4.cloudfront.net%2Fremote_images%2Fimage%2F2271%2Fsmall%2F7de5ff58f2fa420e59ed1a97ee95b035b5f2ecaaba98eada2b.jpg&amp;w=48&amp;q=50 48w, /_next/image?url=https%3A%2F%2Fd3tlizm80tjdt4.cloudfront.net%2Fremote_images%2Fimage%2F2271%2Fsmall%2F7de5ff58f2fa420e59ed1a97ee95b035b5f2ecaaba98eada2b.jpg&amp;w=64&amp;q=50 64w, /_next/image?url=https%3A%2F%2Fd3tlizm80tjdt4.cloudfront.net%2Fremote_images%2Fimage%2F2271%2Fsmall%2F7de5ff58f2fa420e59ed1a97ee95b035b5f2ecaaba98eada2b.jpg&amp;w=96&amp;q=50 96w, /_next/image?url=https%3A%2F%2Fd3tlizm80tjdt4.cloudfront.net%2Fremote_images%2Fimage%2F2271%2Fsmall%2F7de5ff58f2fa420e59ed1a97ee95b035b5f2ecaaba98eada2b.jpg&amp;w=128&amp;q=50 128w, /_next/image?url=https%3A%2F%2Fd3tlizm80tjdt4.cloudfront.net%2Fremote_images%2Fimage%2F2271%2Fsmall%2F7de5ff58f2fa420e59ed1a97ee95b035b5f2ecaaba98eada2b.jpg&amp;w=256&amp;q=50 256w, /_next/image?url=https%3A%2F%2Fd3tlizm80tjdt4.cloudfront.net%2Fremote_images%2Fimage%2F2271%2Fsmall%2F7de5ff58f2fa420e59ed1a97ee95b035b5f2ecaaba98eada2b.jpg&amp;w=384&amp;q=50 384w, /_next/image?url=https%3A%2F%2Fd3tlizm80tjdt4.cloudfront.net%2Fremote_images%2Fimage%2F2271%2Fsmall%2F7de5ff58f2fa420e59ed1a97ee95b035b5f2ecaaba98eada2b.jpg&amp;w=640&amp;q=50 640w, /_next/image?url=https%3A%2F%2Fd3tlizm80tjdt4.cloudfront.net%2Fremote_images%2Fimage%2F2271%2Fsmall%2F7de5ff58f2fa420e59ed1a97ee95b035b5f2ecaaba98eada2b.jpg&amp;w=750&amp;q=50 750w, /_next/image?url=https%3A%2F%2Fd3tlizm80tjdt4.cloudfront.net%2Fremote_images%2Fimage%2F2271%2Fsmall%2F7de5ff58f2fa420e59ed1a97ee95b035b5f2ecaaba98eada2b.jpg&amp;w=828&amp;q=50 828w, /_next/image?url=https%3A%2F%2Fd3tlizm80tjdt4.cloudfront.net%2Fremote_images%2Fimage%2F2271%2Fsmall%2F7de5ff58f2fa420e59ed1a97ee95b035b5f2ecaaba98eada2b.jpg&amp;w=1080&amp;q=50 1080w, /_next/image?url=https%3A%2F%2Fd3tlizm80tjdt4.cloudfront.net%2Fremote_images%2Fimage%2F2271%2Fsmall%2F7de5ff58f2fa420e59ed1a97ee95b035b5f2ecaaba98eada2b.jpg&amp;w=1200&amp;q=50 1200w, /_next/image?url=https%3A%2F%2Fd3tlizm80tjdt4.cloudfront.net%2Fremote_images%2Fimage%2F2271%2Fsmall%2F7de5ff58f2fa420e59ed1a97ee95b035b5f2ecaaba98eada2b.jpg&amp;w=1920&amp;q=50 1920w, /_next/image?url=https%3A%2F%2Fd3tlizm80tjdt4.cloudfront.net%2Fremote_images%2Fimage%2F2271%2Fsmall%2F7de5ff58f2fa420e59ed1a97ee95b035b5f2ecaaba98eada2b.jpg&amp;w=2048&amp;q=50 2048w, /_next/image?url=https%3A%2F%2Fd3tlizm80tjdt4.cloudfront.net%2Fremote_images%2Fimage%2F2271%2Fsmall%2F7de5ff58f2fa420e59ed1a97ee95b035b5f2ecaaba98eada2b.jpg&amp;w=3840&amp;q=50 3840w"
            imagesizes="auto"
        />
        <link
            rel="preload"
            as="image"
            imagesrcset="/_next/image?url=https%3A%2F%2Fd3tlizm80tjdt4.cloudfront.net%2Fimage%2F7273%2Fimage%2Fsm-77f3fe57315491b5b760f3c783c2ce89.jpg&amp;w=16&amp;q=50 16w, /_next/image?url=https%3A%2F%2Fd3tlizm80tjdt4.cloudfront.net%2Fimage%2F7273%2Fimage%2Fsm-77f3fe57315491b5b760f3c783c2ce89.jpg&amp;w=32&amp;q=50 32w, /_next/image?url=https%3A%2F%2Fd3tlizm80tjdt4.cloudfront.net%2Fimage%2F7273%2Fimage%2Fsm-77f3fe57315491b5b760f3c783c2ce89.jpg&amp;w=48&amp;q=50 48w, /_next/image?url=https%3A%2F%2Fd3tlizm80tjdt4.cloudfront.net%2Fimage%2F7273%2Fimage%2Fsm-77f3fe57315491b5b760f3c783c2ce89.jpg&amp;w=64&amp;q=50 64w, /_next/image?url=https%3A%2F%2Fd3tlizm80tjdt4.cloudfront.net%2Fimage%2F7273%2Fimage%2Fsm-77f3fe57315491b5b760f3c783c2ce89.jpg&amp;w=96&amp;q=50 96w, /_next/image?url=https%3A%2F%2Fd3tlizm80tjdt4.cloudfront.net%2Fimage%2F7273%2Fimage%2Fsm-77f3fe57315491b5b760f3c783c2ce89.jpg&amp;w=128&amp;q=50 128w, /_next/image?url=https%3A%2F%2Fd3tlizm80tjdt4.cloudfront.net%2Fimage%2F7273%2Fimage%2Fsm-77f3fe57315491b5b760f3c783c2ce89.jpg&amp;w=256&amp;q=50 256w, /_next/image?url=https%3A%2F%2Fd3tlizm80tjdt4.cloudfront.net%2Fimage%2F7273%2Fimage%2Fsm-77f3fe57315491b5b760f3c783c2ce89.jpg&amp;w=384&amp;q=50 384w, /_next/image?url=https%3A%2F%2Fd3tlizm80tjdt4.cloudfront.net%2Fimage%2F7273%2Fimage%2Fsm-77f3fe57315491b5b760f3c783c2ce89.jpg&amp;w=640&amp;q=50 640w, /_next/image?url=https%3A%2F%2Fd3tlizm80tjdt4.cloudfront.net%2Fimage%2F7273%2Fimage%2Fsm-77f3fe57315491b5b760f3c783c2ce89.jpg&amp;w=750&amp;q=50 750w, /_next/image?url=https%3A%2F%2Fd3tlizm80tjdt4.cloudfront.net%2Fimage%2F7273%2Fimage%2Fsm-77f3fe57315491b5b760f3c783c2ce89.jpg&amp;w=828&amp;q=50 828w, /_next/image?url=https%3A%2F%2Fd3tlizm80tjdt4.cloudfront.net%2Fimage%2F7273%2Fimage%2Fsm-77f3fe57315491b5b760f3c783c2ce89.jpg&amp;w=1080&amp;q=50 1080w, /_next/image?url=https%3A%2F%2Fd3tlizm80tjdt4.cloudfront.net%2Fimage%2F7273%2Fimage%2Fsm-77f3fe57315491b5b760f3c783c2ce89.jpg&amp;w=1200&amp;q=50 1200w, /_next/image?url=https%3A%2F%2Fd3tlizm80tjdt4.cloudfront.net%2Fimage%2F7273%2Fimage%2Fsm-77f3fe57315491b5b760f3c783c2ce89.jpg&amp;w=1920&amp;q=50 1920w, /_next/image?url=https%3A%2F%2Fd3tlizm80tjdt4.cloudfront.net%2Fimage%2F7273%2Fimage%2Fsm-77f3fe57315491b5b760f3c783c2ce89.jpg&amp;w=2048&amp;q=50 2048w, /_next/image?url=https%3A%2F%2Fd3tlizm80tjdt4.cloudfront.net%2Fimage%2F7273%2Fimage%2Fsm-77f3fe57315491b5b760f3c783c2ce89.jpg&amp;w=3840&amp;q=50 3840w"
            imagesizes="auto"
        />
        <link
            rel="preload"
            as="image"
            imagesrcset="/_next/image?url=https%3A%2F%2Fd3tlizm80tjdt4.cloudfront.net%2Fremote_images%2Fimage%2F7236%2Fsmall%2Fe06462a3ca2ee281ec7fdc39e2aecc73c78ebcb6f4d822cc2b.jpg&amp;w=16&amp;q=50 16w, /_next/image?url=https%3A%2F%2Fd3tlizm80tjdt4.cloudfront.net%2Fremote_images%2Fimage%2F7236%2Fsmall%2Fe06462a3ca2ee281ec7fdc39e2aecc73c78ebcb6f4d822cc2b.jpg&amp;w=32&amp;q=50 32w, /_next/image?url=https%3A%2F%2Fd3tlizm80tjdt4.cloudfront.net%2Fremote_images%2Fimage%2F7236%2Fsmall%2Fe06462a3ca2ee281ec7fdc39e2aecc73c78ebcb6f4d822cc2b.jpg&amp;w=48&amp;q=50 48w, /_next/image?url=https%3A%2F%2Fd3tlizm80tjdt4.cloudfront.net%2Fremote_images%2Fimage%2F7236%2Fsmall%2Fe06462a3ca2ee281ec7fdc39e2aecc73c78ebcb6f4d822cc2b.jpg&amp;w=64&amp;q=50 64w, /_next/image?url=https%3A%2F%2Fd3tlizm80tjdt4.cloudfront.net%2Fremote_images%2Fimage%2F7236%2Fsmall%2Fe06462a3ca2ee281ec7fdc39e2aecc73c78ebcb6f4d822cc2b.jpg&amp;w=96&amp;q=50 96w, /_next/image?url=https%3A%2F%2Fd3tlizm80tjdt4.cloudfront.net%2Fremote_images%2Fimage%2F7236%2Fsmall%2Fe06462a3ca2ee281ec7fdc39e2aecc73c78ebcb6f4d822cc2b.jpg&amp;w=128&amp;q=50 128w, /_next/image?url=https%3A%2F%2Fd3tlizm80tjdt4.cloudfront.net%2Fremote_images%2Fimage%2F7236%2Fsmall%2Fe06462a3ca2ee281ec7fdc39e2aecc73c78ebcb6f4d822cc2b.jpg&amp;w=256&amp;q=50 256w, /_next/image?url=https%3A%2F%2Fd3tlizm80tjdt4.cloudfront.net%2Fremote_images%2Fimage%2F7236%2Fsmall%2Fe06462a3ca2ee281ec7fdc39e2aecc73c78ebcb6f4d822cc2b.jpg&amp;w=384&amp;q=50 384w, /_next/image?url=https%3A%2F%2Fd3tlizm80tjdt4.cloudfront.net%2Fremote_images%2Fimage%2F7236%2Fsmall%2Fe06462a3ca2ee281ec7fdc39e2aecc73c78ebcb6f4d822cc2b.jpg&amp;w=640&amp;q=50 640w, /_next/image?url=https%3A%2F%2Fd3tlizm80tjdt4.cloudfront.net%2Fremote_images%2Fimage%2F7236%2Fsmall%2Fe06462a3ca2ee281ec7fdc39e2aecc73c78ebcb6f4d822cc2b.jpg&amp;w=750&amp;q=50 750w, /_next/image?url=https%3A%2F%2Fd3tlizm80tjdt4.cloudfront.net%2Fremote_images%2Fimage%2F7236%2Fsmall%2Fe06462a3ca2ee281ec7fdc39e2aecc73c78ebcb6f4d822cc2b.jpg&amp;w=828&amp;q=50 828w, /_next/image?url=https%3A%2F%2Fd3tlizm80tjdt4.cloudfront.net%2Fremote_images%2Fimage%2F7236%2Fsmall%2Fe06462a3ca2ee281ec7fdc39e2aecc73c78ebcb6f4d822cc2b.jpg&amp;w=1080&amp;q=50 1080w, /_next/image?url=https%3A%2F%2Fd3tlizm80tjdt4.cloudfront.net%2Fremote_images%2Fimage%2F7236%2Fsmall%2Fe06462a3ca2ee281ec7fdc39e2aecc73c78ebcb6f4d822cc2b.jpg&amp;w=1200&amp;q=50 1200w, /_next/image?url=https%3A%2F%2Fd3tlizm80tjdt4.cloudfront.net%2Fremote_images%2Fimage%2F7236%2Fsmall%2Fe06462a3ca2ee281ec7fdc39e2aecc73c78ebcb6f4d822cc2b.jpg&amp;w=1920&amp;q=50 1920w, /_next/image?url=https%3A%2F%2Fd3tlizm80tjdt4.cloudfront.net%2Fremote_images%2Fimage%2F7236%2Fsmall%2Fe06462a3ca2ee281ec7fdc39e2aecc73c78ebcb6f4d822cc2b.jpg&amp;w=2048&amp;q=50 2048w, /_next/image?url=https%3A%2F%2Fd3tlizm80tjdt4.cloudfront.net%2Fremote_images%2Fimage%2F7236%2Fsmall%2Fe06462a3ca2ee281ec7fdc39e2aecc73c78ebcb6f4d822cc2b.jpg&amp;w=3840&amp;q=50 3840w"
            imagesizes="auto"
        />
        <link
            rel="preload"
            as="image"
            imagesrcset="/_next/image?url=https%3A%2F%2Fd3tlizm80tjdt4.cloudfront.net%2Fimage%2F8967%2Fimage%2Fsm-e52f47ae6c00dd8381ee99b9ffda17dd.jpeg&amp;w=16&amp;q=50 16w, /_next/image?url=https%3A%2F%2Fd3tlizm80tjdt4.cloudfront.net%2Fimage%2F8967%2Fimage%2Fsm-e52f47ae6c00dd8381ee99b9ffda17dd.jpeg&amp;w=32&amp;q=50 32w, /_next/image?url=https%3A%2F%2Fd3tlizm80tjdt4.cloudfront.net%2Fimage%2F8967%2Fimage%2Fsm-e52f47ae6c00dd8381ee99b9ffda17dd.jpeg&amp;w=48&amp;q=50 48w, /_next/image?url=https%3A%2F%2Fd3tlizm80tjdt4.cloudfront.net%2Fimage%2F8967%2Fimage%2Fsm-e52f47ae6c00dd8381ee99b9ffda17dd.jpeg&amp;w=64&amp;q=50 64w, /_next/image?url=https%3A%2F%2Fd3tlizm80tjdt4.cloudfront.net%2Fimage%2F8967%2Fimage%2Fsm-e52f47ae6c00dd8381ee99b9ffda17dd.jpeg&amp;w=96&amp;q=50 96w, /_next/image?url=https%3A%2F%2Fd3tlizm80tjdt4.cloudfront.net%2Fimage%2F8967%2Fimage%2Fsm-e52f47ae6c00dd8381ee99b9ffda17dd.jpeg&amp;w=128&amp;q=50 128w, /_next/image?url=https%3A%2F%2Fd3tlizm80tjdt4.cloudfront.net%2Fimage%2F8967%2Fimage%2Fsm-e52f47ae6c00dd8381ee99b9ffda17dd.jpeg&amp;w=256&amp;q=50 256w, /_next/image?url=https%3A%2F%2Fd3tlizm80tjdt4.cloudfront.net%2Fimage%2F8967%2Fimage%2Fsm-e52f47ae6c00dd8381ee99b9ffda17dd.jpeg&amp;w=384&amp;q=50 384w, /_next/image?url=https%3A%2F%2Fd3tlizm80tjdt4.cloudfront.net%2Fimage%2F8967%2Fimage%2Fsm-e52f47ae6c00dd8381ee99b9ffda17dd.jpeg&amp;w=640&amp;q=50 640w, /_next/image?url=https%3A%2F%2Fd3tlizm80tjdt4.cloudfront.net%2Fimage%2F8967%2Fimage%2Fsm-e52f47ae6c00dd8381ee99b9ffda17dd.jpeg&amp;w=750&amp;q=50 750w, /_next/image?url=https%3A%2F%2Fd3tlizm80tjdt4.cloudfront.net%2Fimage%2F8967%2Fimage%2Fsm-e52f47ae6c00dd8381ee99b9ffda17dd.jpeg&amp;w=828&amp;q=50 828w, /_next/image?url=https%3A%2F%2Fd3tlizm80tjdt4.cloudfront.net%2Fimage%2F8967%2Fimage%2Fsm-e52f47ae6c00dd8381ee99b9ffda17dd.jpeg&amp;w=1080&amp;q=50 1080w, /_next/image?url=https%3A%2F%2Fd3tlizm80tjdt4.cloudfront.net%2Fimage%2F8967%2Fimage%2Fsm-e52f47ae6c00dd8381ee99b9ffda17dd.jpeg&amp;w=1200&amp;q=50 1200w, /_next/image?url=https%3A%2F%2Fd3tlizm80tjdt4.cloudfront.net%2Fimage%2F8967%2Fimage%2Fsm-e52f47ae6c00dd8381ee99b9ffda17dd.jpeg&amp;w=1920&amp;q=50 1920w, /_next/image?url=https%3A%2F%2Fd3tlizm80tjdt4.cloudfront.net%2Fimage%2F8967%2Fimage%2Fsm-e52f47ae6c00dd8381ee99b9ffda17dd.jpeg&amp;w=2048&amp;q=50 2048w, /_next/image?url=https%3A%2F%2Fd3tlizm80tjdt4.cloudfront.net%2Fimage%2F8967%2Fimage%2Fsm-e52f47ae6c00dd8381ee99b9ffda17dd.jpeg&amp;w=3840&amp;q=50 3840w"
            imagesizes="auto"
        />
        <link
            rel="preload"
            as="image"
            imagesrcset="/_next/image?url=https%3A%2F%2Fd3tlizm80tjdt4.cloudfront.net%2Fremote_images%2Fimage%2F7584%2Fsmall%2Fb039cbd43e667de1a64536054485d5b35e81ec59d3181edf0f.jpg&amp;w=16&amp;q=50 16w, /_next/image?url=https%3A%2F%2Fd3tlizm80tjdt4.cloudfront.net%2Fremote_images%2Fimage%2F7584%2Fsmall%2Fb039cbd43e667de1a64536054485d5b35e81ec59d3181edf0f.jpg&amp;w=32&amp;q=50 32w, /_next/image?url=https%3A%2F%2Fd3tlizm80tjdt4.cloudfront.net%2Fremote_images%2Fimage%2F7584%2Fsmall%2Fb039cbd43e667de1a64536054485d5b35e81ec59d3181edf0f.jpg&amp;w=48&amp;q=50 48w, /_next/image?url=https%3A%2F%2Fd3tlizm80tjdt4.cloudfront.net%2Fremote_images%2Fimage%2F7584%2Fsmall%2Fb039cbd43e667de1a64536054485d5b35e81ec59d3181edf0f.jpg&amp;w=64&amp;q=50 64w, /_next/image?url=https%3A%2F%2Fd3tlizm80tjdt4.cloudfront.net%2Fremote_images%2Fimage%2F7584%2Fsmall%2Fb039cbd43e667de1a64536054485d5b35e81ec59d3181edf0f.jpg&amp;w=96&amp;q=50 96w, /_next/image?url=https%3A%2F%2Fd3tlizm80tjdt4.cloudfront.net%2Fremote_images%2Fimage%2F7584%2Fsmall%2Fb039cbd43e667de1a64536054485d5b35e81ec59d3181edf0f.jpg&amp;w=128&amp;q=50 128w, /_next/image?url=https%3A%2F%2Fd3tlizm80tjdt4.cloudfront.net%2Fremote_images%2Fimage%2F7584%2Fsmall%2Fb039cbd43e667de1a64536054485d5b35e81ec59d3181edf0f.jpg&amp;w=256&amp;q=50 256w, /_next/image?url=https%3A%2F%2Fd3tlizm80tjdt4.cloudfront.net%2Fremote_images%2Fimage%2F7584%2Fsmall%2Fb039cbd43e667de1a64536054485d5b35e81ec59d3181edf0f.jpg&amp;w=384&amp;q=50 384w, /_next/image?url=https%3A%2F%2Fd3tlizm80tjdt4.cloudfront.net%2Fremote_images%2Fimage%2F7584%2Fsmall%2Fb039cbd43e667de1a64536054485d5b35e81ec59d3181edf0f.jpg&amp;w=640&amp;q=50 640w, /_next/image?url=https%3A%2F%2Fd3tlizm80tjdt4.cloudfront.net%2Fremote_images%2Fimage%2F7584%2Fsmall%2Fb039cbd43e667de1a64536054485d5b35e81ec59d3181edf0f.jpg&amp;w=750&amp;q=50 750w, /_next/image?url=https%3A%2F%2Fd3tlizm80tjdt4.cloudfront.net%2Fremote_images%2Fimage%2F7584%2Fsmall%2Fb039cbd43e667de1a64536054485d5b35e81ec59d3181edf0f.jpg&amp;w=828&amp;q=50 828w, /_next/image?url=https%3A%2F%2Fd3tlizm80tjdt4.cloudfront.net%2Fremote_images%2Fimage%2F7584%2Fsmall%2Fb039cbd43e667de1a64536054485d5b35e81ec59d3181edf0f.jpg&amp;w=1080&amp;q=50 1080w, /_next/image?url=https%3A%2F%2Fd3tlizm80tjdt4.cloudfront.net%2Fremote_images%2Fimage%2F7584%2Fsmall%2Fb039cbd43e667de1a64536054485d5b35e81ec59d3181edf0f.jpg&amp;w=1200&amp;q=50 1200w, /_next/image?url=https%3A%2F%2Fd3tlizm80tjdt4.cloudfront.net%2Fremote_images%2Fimage%2F7584%2Fsmall%2Fb039cbd43e667de1a64536054485d5b35e81ec59d3181edf0f.jpg&amp;w=1920&amp;q=50 1920w, /_next/image?url=https%3A%2F%2Fd3tlizm80tjdt4.cloudfront.net%2Fremote_images%2Fimage%2F7584%2Fsmall%2Fb039cbd43e667de1a64536054485d5b35e81ec59d3181edf0f.jpg&amp;w=2048&amp;q=50 2048w, /_next/image?url=https%3A%2F%2Fd3tlizm80tjdt4.cloudfront.net%2Fremote_images%2Fimage%2F7584%2Fsmall%2Fb039cbd43e667de1a64536054485d5b35e81ec59d3181edf0f.jpg&amp;w=3840&amp;q=50 3840w"
            imagesizes="auto"
        />
        <script
            src="/_next/static/chunks/polyfills-42372ed130431b0a.js"
            nomodule=""
        ></script>
        <style data-emotion="css-global" data-s="">
            :host,
            :root,
            [data-theme] {
                --chakra-ring-inset: var(--chakra-empty, /*!*/ /*!*/);
                --chakra-ring-offset-width: 0px;
                --chakra-ring-offset-color: #fff;
                --chakra-ring-color: rgba(66, 153, 225, 0.6);
                --chakra-ring-offset-shadow: 0 0 #0000;
                --chakra-ring-shadow: 0 0 #0000;
                --chakra-space-x-reverse: 0;
                --chakra-space-y-reverse: 0;
                --chakra-colors-transparent: transparent;
                --chakra-colors-current: currentColor;
                --chakra-colors-black: #000;
                --chakra-colors-white: #fff;
                --chakra-colors-whiteAlpha-50: rgba(255, 255, 255, 0.04);
                --chakra-colors-whiteAlpha-100: rgba(255, 255, 255, 0.06);
                --chakra-colors-whiteAlpha-200: rgba(255, 255, 255, 0.08);
                --chakra-colors-whiteAlpha-300: rgba(255, 255, 255, 0.16);
                --chakra-colors-whiteAlpha-400: rgba(255, 255, 255, 0.24);
                --chakra-colors-whiteAlpha-500: rgba(255, 255, 255, 0.36);
                --chakra-colors-whiteAlpha-600: rgba(255, 255, 255, 0.48);
                --chakra-colors-whiteAlpha-700: rgba(255, 255, 255, 0.64);
                --chakra-colors-whiteAlpha-800: rgba(255, 255, 255, 0.8);
                --chakra-colors-whiteAlpha-900: rgba(255, 255, 255, 0.92);
                --chakra-colors-blackAlpha-50: rgba(0, 0, 0, 0.04);
                --chakra-colors-blackAlpha-100: rgba(0, 0, 0, 0.06);
                --chakra-colors-blackAlpha-200: rgba(0, 0, 0, 0.08);
                --chakra-colors-blackAlpha-300: rgba(0, 0, 0, 0.16);
                --chakra-colors-blackAlpha-400: rgba(0, 0, 0, 0.24);
                --chakra-colors-blackAlpha-500: rgba(0, 0, 0, 0.36);
                --chakra-colors-blackAlpha-600: rgba(0, 0, 0, 0.48);
                --chakra-colors-blackAlpha-700: rgba(0, 0, 0, 0.64);
                --chakra-colors-blackAlpha-800: rgba(0, 0, 0, 0.8);
                --chakra-colors-blackAlpha-900: rgba(0, 0, 0, 0.92);
                --chakra-colors-gray-50: #f9fafb;
                --chakra-colors-gray-100: #f3f4f6;
                --chakra-colors-gray-200: #e5e7eb;
                --chakra-colors-gray-300: #d1d5db;
                --chakra-colors-gray-400: #9ca3af;
                --chakra-colors-gray-500: #6b7280;
                --chakra-colors-gray-600: #4b5563;
                --chakra-colors-gray-700: #374151;
                --chakra-colors-gray-800: #1f2937;
                --chakra-colors-gray-900: #111827;
                --chakra-colors-gray-950: #030712;
                --chakra-colors-red-50: #fef2f2;
                --chakra-colors-red-100: #fee2e2;
                --chakra-colors-red-200: #fecaca;
                --chakra-colors-red-300: #fca5a5;
                --chakra-colors-red-400: #f87171;
                --chakra-colors-red-500: #ef4444;
                --chakra-colors-red-600: #dc2626;
                --chakra-colors-red-700: #b91c1c;
                --chakra-colors-red-800: #991b1b;
                --chakra-colors-red-900: #7f1d1d;
                --chakra-colors-red-950: #450a0a;
                --chakra-colors-orange-50: #fff7ed;
                --chakra-colors-orange-100: #ffedd5;
                --chakra-colors-orange-200: #fed7aa;
                --chakra-colors-orange-300: #fdba74;
                --chakra-colors-orange-400: #fb923c;
                --chakra-colors-orange-500: #f97316;
                --chakra-colors-orange-600: #ea580c;
                --chakra-colors-orange-700: #c2410c;
                --chakra-colors-orange-800: #9a3412;
                --chakra-colors-orange-900: #7c2d12;
                --chakra-colors-orange-950: #431407;
                --chakra-colors-yellow-50: #fefce8;
                --chakra-colors-yellow-100: #fef9c3;
                --chakra-colors-yellow-200: #fef08a;
                --chakra-colors-yellow-300: #fde047;
                --chakra-colors-yellow-400: #facc15;
                --chakra-colors-yellow-500: #eab308;
                --chakra-colors-yellow-600: #ca8a04;
                --chakra-colors-yellow-700: #a16207;
                --chakra-colors-yellow-800: #854d0e;
                --chakra-colors-yellow-900: #713f12;
                --chakra-colors-yellow-950: #422006;
                --chakra-colors-green-50: #f0fdf4;
                --chakra-colors-green-100: #dcfce7;
                --chakra-colors-green-200: #bbf7d0;
                --chakra-colors-green-300: #86efac;
                --chakra-colors-green-400: #4ade80;
                --chakra-colors-green-500: #22c55e;
                --chakra-colors-green-600: #16a34a;
                --chakra-colors-green-700: #15803d;
                --chakra-colors-green-800: #166534;
                --chakra-colors-green-900: #14532d;
                --chakra-colors-green-950: #052e16;
                --chakra-colors-teal-50: #f0fdfa;
                --chakra-colors-teal-100: #ccfbf1;
                --chakra-colors-teal-200: #99f6e4;
                --chakra-colors-teal-300: #5eead4;
                --chakra-colors-teal-400: #2dd4bf;
                --chakra-colors-teal-500: #14b8a6;
                --chakra-colors-teal-600: #0d9488;
                --chakra-colors-teal-700: #0f766e;
                --chakra-colors-teal-800: #115e59;
                --chakra-colors-teal-900: #134e4a;
                --chakra-colors-teal-950: #042f2e;
                --chakra-colors-blue-50: #f5f8ff;
                --chakra-colors-blue-100: #eaf1ff;
                --chakra-colors-blue-200: #cbe0ff;
                --chakra-colors-blue-300: #9cc1ff;
                --chakra-colors-blue-400: #4d92ff;
                --chakra-colors-blue-500: #3a61f0;
                --chakra-colors-blue-600: #3456da;
                --chakra-colors-blue-700: #2c4bbf;
                --chakra-colors-blue-800: #2540a4;
                --chakra-colors-blue-900: #1d3589;
                --chakra-colors-blue-950: #172554;
                --chakra-colors-cyan-50: #ecfeff;
                --chakra-colors-cyan-100: #cffafe;
                --chakra-colors-cyan-200: #a5f3fc;
                --chakra-colors-cyan-300: #67e8f9;
                --chakra-colors-cyan-400: #22d3ee;
                --chakra-colors-cyan-500: #06b6d4;
                --chakra-colors-cyan-600: #0891b2;
                --chakra-colors-cyan-700: #0e7490;
                --chakra-colors-cyan-800: #155e75;
                --chakra-colors-cyan-900: #164e63;
                --chakra-colors-cyan-950: #083344;
                --chakra-colors-purple-50: #faf5ff;
                --chakra-colors-purple-100: #f3e8ff;
                --chakra-colors-purple-200: #e9d5ff;
                --chakra-colors-purple-300: #d8b4fe;
                --chakra-colors-purple-400: #c084fc;
                --chakra-colors-purple-500: #a855f7;
                --chakra-colors-purple-600: #9333ea;
                --chakra-colors-purple-700: #7e22ce;
                --chakra-colors-purple-800: #6b21a8;
                --chakra-colors-purple-900: #581c87;
                --chakra-colors-purple-950: #3b0764;
                --chakra-colors-pink-50: #fdf2f8;
                --chakra-colors-pink-100: #fce7f3;
                --chakra-colors-pink-200: #fbcfe8;
                --chakra-colors-pink-300: #f9a8d4;
                --chakra-colors-pink-400: #f472b6;
                --chakra-colors-pink-500: #ec4899;
                --chakra-colors-pink-600: #db2777;
                --chakra-colors-pink-700: #be185d;
                --chakra-colors-pink-800: #9d174d;
                --chakra-colors-pink-900: #831843;
                --chakra-colors-pink-950: #500724;
                --chakra-colors-slate-50: #f8fafc;
                --chakra-colors-slate-100: #f1f5f9;
                --chakra-colors-slate-200: #e2e8f0;
                --chakra-colors-slate-300: #cbd5e1;
                --chakra-colors-slate-400: #94a3b8;
                --chakra-colors-slate-500: #64748b;
                --chakra-colors-slate-600: #475569;
                --chakra-colors-slate-700: #334155;
                --chakra-colors-slate-800: #1e293b;
                --chakra-colors-slate-900: #0f172a;
                --chakra-colors-slate-950: #020617;
                --chakra-colors-zinc-50: #fafafa;
                --chakra-colors-zinc-100: #f4f4f5;
                --chakra-colors-zinc-200: #e4e4e7;
                --chakra-colors-zinc-300: #d4d4d8;
                --chakra-colors-zinc-400: #a1a1aa;
                --chakra-colors-zinc-500: #71717a;
                --chakra-colors-zinc-600: #52525b;
                --chakra-colors-zinc-700: #3f3f46;
                --chakra-colors-zinc-800: #27272a;
                --chakra-colors-zinc-900: #18181b;
                --chakra-colors-zinc-950: #09090b;
                --chakra-colors-neutral-50: #fafafa;
                --chakra-colors-neutral-100: #f5f5f5;
                --chakra-colors-neutral-200: #e5e5e5;
                --chakra-colors-neutral-300: #d4d4d4;
                --chakra-colors-neutral-400: #a3a3a3;
                --chakra-colors-neutral-500: #737373;
                --chakra-colors-neutral-600: #525252;
                --chakra-colors-neutral-700: #404040;
                --chakra-colors-neutral-800: #262626;
                --chakra-colors-neutral-900: #171717;
                --chakra-colors-neutral-950: #0a0a0a;
                --chakra-colors-stone-50: #fafaf9;
                --chakra-colors-stone-100: #f5f5f4;
                --chakra-colors-stone-200: #e7e5e4;
                --chakra-colors-stone-300: #d6d3d1;
                --chakra-colors-stone-400: #a8a29e;
                --chakra-colors-stone-500: #78716c;
                --chakra-colors-stone-600: #57534e;
                --chakra-colors-stone-700: #44403c;
                --chakra-colors-stone-800: #292524;
                --chakra-colors-stone-900: #1c1917;
                --chakra-colors-stone-950: #0c0a09;
                --chakra-colors-amber-50: #fffbeb;
                --chakra-colors-amber-100: #fef3c7;
                --chakra-colors-amber-200: #fde68a;
                --chakra-colors-amber-300: #fcd34d;
                --chakra-colors-amber-400: #fbbf24;
                --chakra-colors-amber-500: #f59e0b;
                --chakra-colors-amber-600: #d97706;
                --chakra-colors-amber-700: #b45309;
                --chakra-colors-amber-800: #92400e;
                --chakra-colors-amber-900: #78350f;
                --chakra-colors-amber-950: #451a03;
                --chakra-colors-lime-50: #f7fee7;
                --chakra-colors-lime-100: #ecfccb;
                --chakra-colors-lime-200: #d9f99d;
                --chakra-colors-lime-300: #bef264;
                --chakra-colors-lime-400: #a3e635;
                --chakra-colors-lime-500: #84cc16;
                --chakra-colors-lime-600: #65a30d;
                --chakra-colors-lime-700: #4d7c0f;
                --chakra-colors-lime-800: #3f6212;
                --chakra-colors-lime-900: #365314;
                --chakra-colors-lime-950: #1a2e05;
                --chakra-colors-emerald-50: #ecfdf5;
                --chakra-colors-emerald-100: #d1fae5;
                --chakra-colors-emerald-200: #a7f3d0;
                --chakra-colors-emerald-300: #6ee7b7;
                --chakra-colors-emerald-400: #34d399;
                --chakra-colors-emerald-500: #10b981;
                --chakra-colors-emerald-600: #059669;
                --chakra-colors-emerald-700: #047857;
                --chakra-colors-emerald-800: #065f46;
                --chakra-colors-emerald-900: #064e3b;
                --chakra-colors-emerald-950: #022c22;
                --chakra-colors-sky-50: #f0f9ff;
                --chakra-colors-sky-100: #e0f2fe;
                --chakra-colors-sky-200: #bae6fd;
                --chakra-colors-sky-300: #7dd3fc;
                --chakra-colors-sky-400: #38bdf8;
                --chakra-colors-sky-500: #0ea5e9;
                --chakra-colors-sky-600: #0284c7;
                --chakra-colors-sky-700: #0369a1;
                --chakra-colors-sky-800: #075985;
                --chakra-colors-sky-900: #0c4a6e;
                --chakra-colors-sky-950: #082f49;
                --chakra-colors-indigo-50: #eef2ff;
                --chakra-colors-indigo-100: #e0e7ff;
                --chakra-colors-indigo-200: #c7d2fe;
                --chakra-colors-indigo-300: #a5b4fc;
                --chakra-colors-indigo-400: #818cf8;
                --chakra-colors-indigo-500: #6366f1;
                --chakra-colors-indigo-600: #4f46e5;
                --chakra-colors-indigo-700: #4338ca;
                --chakra-colors-indigo-800: #3730a3;
                --chakra-colors-indigo-900: #312e81;
                --chakra-colors-indigo-950: #1e1b4b;
                --chakra-colors-violet-50: #f5f3ff;
                --chakra-colors-violet-100: #ede9fe;
                --chakra-colors-violet-200: #ddd6fe;
                --chakra-colors-violet-300: #c4b5fd;
                --chakra-colors-violet-400: #a78bfa;
                --chakra-colors-violet-500: #8b5cf6;
                --chakra-colors-violet-600: #7c3aed;
                --chakra-colors-violet-700: #6d28d9;
                --chakra-colors-violet-800: #5b21b6;
                --chakra-colors-violet-900: #4c1d95;
                --chakra-colors-violet-950: #2e1065;
                --chakra-colors-fuchsia-50: #fdf4ff;
                --chakra-colors-fuchsia-100: #fae8ff;
                --chakra-colors-fuchsia-200: #f5d0fe;
                --chakra-colors-fuchsia-300: #f0abfc;
                --chakra-colors-fuchsia-400: #e879f9;
                --chakra-colors-fuchsia-500: #d946ef;
                --chakra-colors-fuchsia-600: #c026d3;
                --chakra-colors-fuchsia-700: #a21caf;
                --chakra-colors-fuchsia-800: #86198f;
                --chakra-colors-fuchsia-900: #701a75;
                --chakra-colors-fuchsia-950: #4a044e;
                --chakra-colors-rose-50: #fff1f2;
                --chakra-colors-rose-100: #ffe4e6;
                --chakra-colors-rose-200: #fecdd3;
                --chakra-colors-rose-300: #fda4af;
                --chakra-colors-rose-400: #fb7185;
                --chakra-colors-rose-500: #f43f5e;
                --chakra-colors-rose-600: #e11d48;
                --chakra-colors-rose-700: #be123c;
                --chakra-colors-rose-800: #9f1239;
                --chakra-colors-rose-900: #881337;
                --chakra-colors-rose-950: #4c0519;
                --chakra-colors-background: var(--background);
                --chakra-colors-foreground: var(--foreground);
                --chakra-colors-list-50: #9d562e;
                --chakra-colors-list-100: #da2f24;
                --chakra-colors-list-200: #eb942e;
                --chakra-colors-list-300: #f2c629;
                --chakra-colors-list-400: #bbd662;
                --chakra-colors-list-500: #7ba858;
                --chakra-colors-list-600: #76d8cc;
                --chakra-colors-list-700: #2ba6db;
                --chakra-colors-list-800: #3b75cd;
                --chakra-colors-list-900: #3c39d1;
                --chakra-colors-list-1000: #8d2dd8;
                --chakra-colors-list-1100: #d324ad;
                --chakra-colors-light-500: #ffffff;
                --chakra-colors-light-600: #f9f9f9;
                --chakra-colors-light-700: #f5f5f6;
                --chakra-colors-light-800: #f2f3f4;
                --chakra-colors-midnight_navy-500: #161e30;
                --chakra-colors-midnight_navy-600: #262f4c;
                --chakra-colors-midnight_navy-700: #374369;
                --chakra-borders-none: 0;
                --chakra-borders-1px: 1px solid;
                --chakra-borders-2px: 2px solid;
                --chakra-borders-4px: 4px solid;
                --chakra-borders-8px: 8px solid;
                --chakra-fonts-heading: var(--font-basis-grotesque-pro);
                --chakra-fonts-body: var(--font-basis-grotesque-pro);
                --chakra-fonts-mono: SFMono-Regular, Menlo, Monaco, Consolas,
                    "Liberation Mono", "Courier New", monospace;
                --chakra-fontSizes-3xs: 0.45rem;
                --chakra-fontSizes-2xs: 0.625rem;
                --chakra-fontSizes-xs: 0.75rem;
                --chakra-fontSizes-sm: 0.875rem;
                --chakra-fontSizes-md: 1rem;
                --chakra-fontSizes-lg: 1.125rem;
                --chakra-fontSizes-xl: 1.25rem;
                --chakra-fontSizes-2xl: 1.5rem;
                --chakra-fontSizes-3xl: 1.875rem;
                --chakra-fontSizes-4xl: 2.25rem;
                --chakra-fontSizes-5xl: 3rem;
                --chakra-fontSizes-6xl: 3.75rem;
                --chakra-fontSizes-7xl: 4.5rem;
                --chakra-fontSizes-8xl: 6rem;
                --chakra-fontSizes-9xl: 8rem;
                --chakra-fontWeights-hairline: 100;
                --chakra-fontWeights-thin: 200;
                --chakra-fontWeights-light: 300;
                --chakra-fontWeights-normal: 400;
                --chakra-fontWeights-medium: 500;
                --chakra-fontWeights-semibold: 600;
                --chakra-fontWeights-bold: 700;
                --chakra-fontWeights-extrabold: 800;
                --chakra-fontWeights-black: 900;
                --chakra-letterSpacings-tighter: -0.05em;
                --chakra-letterSpacings-tight: -0.025em;
                --chakra-letterSpacings-normal: 0;
                --chakra-letterSpacings-wide: 0.025em;
                --chakra-letterSpacings-wider: 0.05em;
                --chakra-letterSpacings-widest: 0.1em;
                --chakra-lineHeights-3: 0.75rem;
                --chakra-lineHeights-4: 1rem;
                --chakra-lineHeights-5: 1.25rem;
                --chakra-lineHeights-6: 1.5rem;
                --chakra-lineHeights-7: 1.75rem;
                --chakra-lineHeights-8: 2rem;
                --chakra-lineHeights-9: 2.25rem;
                --chakra-lineHeights-10: 2.5rem;
                --chakra-lineHeights-normal: normal;
                --chakra-lineHeights-none: 1;
                --chakra-lineHeights-shorter: 1.25;
                --chakra-lineHeights-short: 1.375;
                --chakra-lineHeights-base: 1.5;
                --chakra-lineHeights-tall: 1.625;
                --chakra-lineHeights-taller: 2;
                --chakra-radii-none: 0;
                --chakra-radii-sm: 0.125rem;
                --chakra-radii-base: 0.25rem;
                --chakra-radii-md: 0.375rem;
                --chakra-radii-lg: 0.5rem;
                --chakra-radii-xl: 0.75rem;
                --chakra-radii-2xl: 1rem;
                --chakra-radii-3xl: 1.5rem;
                --chakra-radii-full: 9999px;
                --chakra-space-1: 0.25rem;
                --chakra-space-2: 0.5rem;
                --chakra-space-3: 0.75rem;
                --chakra-space-4: 1rem;
                --chakra-space-5: 1.25rem;
                --chakra-space-6: 1.5rem;
                --chakra-space-7: 1.75rem;
                --chakra-space-8: 2rem;
                --chakra-space-9: 2.25rem;
                --chakra-space-10: 2.5rem;
                --chakra-space-12: 3rem;
                --chakra-space-14: 3.5rem;
                --chakra-space-16: 4rem;
                --chakra-space-20: 5rem;
                --chakra-space-24: 6rem;
                --chakra-space-28: 7rem;
                --chakra-space-32: 8rem;
                --chakra-space-36: 9rem;
                --chakra-space-40: 10rem;
                --chakra-space-44: 11rem;
                --chakra-space-48: 12rem;
                --chakra-space-52: 13rem;
                --chakra-space-56: 14rem;
                --chakra-space-60: 15rem;
                --chakra-space-64: 16rem;
                --chakra-space-72: 18rem;
                --chakra-space-80: 20rem;
                --chakra-space-96: 24rem;
                --chakra-space-px: 1px;
                --chakra-space-0-5: 0.125rem;
                --chakra-space-1-5: 0.375rem;
                --chakra-space-2-5: 0.625rem;
                --chakra-space-3-5: 0.875rem;
                --chakra-shadows-xs: 0 0 0 1px rgba(0, 0, 0, 0.05);
                --chakra-shadows-sm: 0 1px 2px 0 rgba(0, 0, 0, 0.05);
                --chakra-shadows-base: 0 1px 3px 0 rgba(0, 0, 0, 0.1),
                    0 1px 2px 0 rgba(0, 0, 0, 0.06);
                --chakra-shadows-md: 0 4px 6px -1px rgba(0, 0, 0, 0.1),
                    0 2px 4px -1px rgba(0, 0, 0, 0.06);
                --chakra-shadows-lg: 0 10px 15px -3px rgba(0, 0, 0, 0.1),
                    0 4px 6px -2px rgba(0, 0, 0, 0.05);
                --chakra-shadows-xl: 0 20px 25px -5px rgba(0, 0, 0, 0.1),
                    0 10px 10px -5px rgba(0, 0, 0, 0.04);
                --chakra-shadows-2xl: 0 25px 50px -12px rgba(0, 0, 0, 0.25);
                --chakra-shadows-outline: 0 0 0 3px rgba(66, 153, 225, 0.6);
                --chakra-shadows-inner: inset 0 2px 4px 0 rgba(0, 0, 0, 0.06);
                --chakra-shadows-none: none;
                --chakra-shadows-dark-lg: rgba(0, 0, 0, 0.1) 0px 0px 0px 1px,
                    rgba(0, 0, 0, 0.2) 0px 5px 10px,
                    rgba(0, 0, 0, 0.4) 0px 15px 40px;
                --chakra-sizes-1: 0.25rem;
                --chakra-sizes-2: 0.5rem;
                --chakra-sizes-3: 0.75rem;
                --chakra-sizes-4: 1rem;
                --chakra-sizes-5: 1.25rem;
                --chakra-sizes-6: 1.5rem;
                --chakra-sizes-7: 1.75rem;
                --chakra-sizes-8: 2rem;
                --chakra-sizes-9: 2.25rem;
                --chakra-sizes-10: 2.5rem;
                --chakra-sizes-12: 3rem;
                --chakra-sizes-14: 3.5rem;
                --chakra-sizes-16: 4rem;
                --chakra-sizes-20: 5rem;
                --chakra-sizes-24: 6rem;
                --chakra-sizes-28: 7rem;
                --chakra-sizes-32: 8rem;
                --chakra-sizes-36: 9rem;
                --chakra-sizes-40: 10rem;
                --chakra-sizes-44: 11rem;
                --chakra-sizes-48: 12rem;
                --chakra-sizes-52: 13rem;
                --chakra-sizes-56: 14rem;
                --chakra-sizes-60: 15rem;
                --chakra-sizes-64: 16rem;
                --chakra-sizes-72: 18rem;
                --chakra-sizes-80: 20rem;
                --chakra-sizes-96: 24rem;
                --chakra-sizes-px: 1px;
                --chakra-sizes-0-5: 0.125rem;
                --chakra-sizes-1-5: 0.375rem;
                --chakra-sizes-2-5: 0.625rem;
                --chakra-sizes-3-5: 0.875rem;
                --chakra-sizes-max: max-content;
                --chakra-sizes-min: min-content;
                --chakra-sizes-full: 100%;
                --chakra-sizes-3xs: 14rem;
                --chakra-sizes-2xs: 16rem;
                --chakra-sizes-xs: 20rem;
                --chakra-sizes-sm: 24rem;
                --chakra-sizes-md: 28rem;
                --chakra-sizes-lg: 32rem;
                --chakra-sizes-xl: 36rem;
                --chakra-sizes-2xl: 42rem;
                --chakra-sizes-3xl: 48rem;
                --chakra-sizes-4xl: 56rem;
                --chakra-sizes-5xl: 64rem;
                --chakra-sizes-6xl: 72rem;
                --chakra-sizes-7xl: 80rem;
                --chakra-sizes-8xl: 90rem;
                --chakra-sizes-prose: 60ch;
                --chakra-sizes-container-sm: 640px;
                --chakra-sizes-container-md: 768px;
                --chakra-sizes-container-lg: 1024px;
                --chakra-sizes-container-xl: 1280px;
                --chakra-sizes-container-full: 1600px;
                --chakra-sizes-container-xs: 340px;
                --chakra-zIndices-hide: -1;
                --chakra-zIndices-auto: auto;
                --chakra-zIndices-base: 0;
                --chakra-zIndices-docked: 10;
                --chakra-zIndices-dropdown: 1000;
                --chakra-zIndices-sticky: 1100;
                --chakra-zIndices-banner: 1200;
                --chakra-zIndices-overlay: 1300;
                --chakra-zIndices-modal: 1400;
                --chakra-zIndices-popover: 1500;
                --chakra-zIndices-skipLink: 1600;
                --chakra-zIndices-toast: 1700;
                --chakra-zIndices-tooltip: 1800;
                --chakra-transition-property-common: background-color,
                    border-color, color, fill, stroke, opacity, box-shadow,
                    transform;
                --chakra-transition-property-colors: background-color,
                    border-color, color, fill, stroke;
                --chakra-transition-property-dimensions: width, height;
                --chakra-transition-property-position: left, right, top, bottom;
                --chakra-transition-property-background: background-color,
                    background-image, background-position;
                --chakra-transition-easing-ease-in: cubic-bezier(0.4, 0, 1, 1);
                --chakra-transition-easing-ease-out: cubic-bezier(0, 0, 0.2, 1);
                --chakra-transition-easing-ease-in-out: cubic-bezier(
                    0.4,
                    0,
                    0.2,
                    1
                );
                --chakra-transition-duration-ultra-fast: 50ms;
                --chakra-transition-duration-faster: 100ms;
                --chakra-transition-duration-fast: 150ms;
                --chakra-transition-duration-normal: 200ms;
                --chakra-transition-duration-slow: 300ms;
                --chakra-transition-duration-slower: 400ms;
                --chakra-transition-duration-ultra-slow: 500ms;
                --chakra-blur-none: 0;
                --chakra-blur-sm: 4px;
                --chakra-blur-base: 8px;
                --chakra-blur-md: 12px;
                --chakra-blur-lg: 16px;
                --chakra-blur-xl: 24px;
                --chakra-blur-2xl: 40px;
                --chakra-blur-3xl: 64px;
                --chakra-breakpoints-base: 0em;
                --chakra-breakpoints-sm: 30em;
                --chakra-breakpoints-md: 48em;
                --chakra-breakpoints-lg: 62em;
                --chakra-breakpoints-xl: 80em;
                --chakra-breakpoints-2xl: 96em;
            }
            .chakra-ui-light :host:not([data-theme]),
            .chakra-ui-light :root:not([data-theme]),
            .chakra-ui-light [data-theme]:not([data-theme]),
            [data-theme="light"] :host:not([data-theme]),
            [data-theme="light"] :root:not([data-theme]),
            [data-theme="light"] [data-theme]:not([data-theme]),
            :host[data-theme="light"],
            :root[data-theme="light"],
            [data-theme][data-theme="light"] {
                --chakra-colors-chakra-body-text: var(--chakra-colors-gray-800);
                --chakra-colors-chakra-body-bg: var(--chakra-colors-white);
                --chakra-colors-chakra-border-color: var(
                    --chakra-colors-gray-200
                );
                --chakra-colors-chakra-inverse-text: var(--chakra-colors-white);
                --chakra-colors-chakra-subtle-bg: var(--chakra-colors-gray-100);
                --chakra-colors-chakra-subtle-text: var(
                    --chakra-colors-gray-600
                );
                --chakra-colors-chakra-placeholder-color: var(
                    --chakra-colors-gray-500
                );
            }
            .chakra-ui-dark :host:not([data-theme]),
            .chakra-ui-dark :root:not([data-theme]),
            .chakra-ui-dark [data-theme]:not([data-theme]),
            [data-theme="dark"] :host:not([data-theme]),
            [data-theme="dark"] :root:not([data-theme]),
            [data-theme="dark"] [data-theme]:not([data-theme]),
            :host[data-theme="dark"],
            :root[data-theme="dark"],
            [data-theme][data-theme="dark"] {
                --chakra-colors-chakra-body-text: var(
                    --chakra-colors-whiteAlpha-900
                );
                --chakra-colors-chakra-body-bg: var(--chakra-colors-gray-800);
                --chakra-colors-chakra-border-color: var(
                    --chakra-colors-whiteAlpha-300
                );
                --chakra-colors-chakra-inverse-text: var(
                    --chakra-colors-gray-800
                );
                --chakra-colors-chakra-subtle-bg: var(--chakra-colors-gray-700);
                --chakra-colors-chakra-subtle-text: var(
                    --chakra-colors-gray-400
                );
                --chakra-colors-chakra-placeholder-color: var(
                    --chakra-colors-whiteAlpha-400
                );
            }
        </style>
        <style data-emotion="css-global" data-s="">
            html {
                line-height: 1.5;
                -webkit-text-size-adjust: 100%;
                font-family: system-ui, sans-serif;
                -webkit-font-smoothing: antialiased;
                text-rendering: optimizeLegibility;
                -moz-osx-font-smoothing: grayscale;
                touch-action: manipulation;
            }
            body {
                position: relative;
                min-height: 100%;
                margin: 0;
                font-feature-settings: "kern";
            }
            :where(*, *::before, *::after) {
                border-width: 0;
                border-style: solid;
                box-sizing: border-box;
                word-wrap: break-word;
            }
            main {
                display: block;
            }
            hr {
                border-top-width: 1px;
                box-sizing: content-box;
                height: 0;
                overflow: visible;
            }
            :where(pre, code, kbd, samp) {
                font-family: SFMono-Regular, Menlo, Monaco, Consolas, monospace;
                font-size: 1em;
            }
            a {
                background-color: transparent;
                color: inherit;
                -webkit-text-decoration: inherit;
                text-decoration: inherit;
            }
            abbr[title] {
                border-bottom: none;
                -webkit-text-decoration: underline;
                text-decoration: underline;
                -webkit-text-decoration: underline dotted;
                -webkit-text-decoration: underline dotted;
                text-decoration: underline dotted;
            }
            :where(b, strong) {
                font-weight: bold;
            }
            small {
                font-size: 80%;
            }
            :where(sub, sup) {
                font-size: 75%;
                line-height: 0;
                position: relative;
                vertical-align: baseline;
            }
            sub {
                bottom: -0.25em;
            }
            sup {
                top: -0.5em;
            }
            img {
                border-style: none;
            }
            :where(button, input, optgroup, select, textarea) {
                font-family: inherit;
                font-size: 100%;
                line-height: 1.15;
                margin: 0;
            }
            :where(button, input) {
                overflow: visible;
            }
            :where(button, select) {
                text-transform: none;
            }
            :where(
                    button::-moz-focus-inner,
                    [type="button"]::-moz-focus-inner,
                    [type="reset"]::-moz-focus-inner,
                    [type="submit"]::-moz-focus-inner
                ) {
                border-style: none;
                padding: 0;
            }
            fieldset {
                padding: 0.35em 0.75em 0.625em;
            }
            legend {
                box-sizing: border-box;
                color: inherit;
                display: table;
                max-width: 100%;
                padding: 0;
                white-space: normal;
            }
            progress {
                vertical-align: baseline;
            }
            textarea {
                overflow: auto;
            }
            :where([type="checkbox"], [type="radio"]) {
                box-sizing: border-box;
                padding: 0;
            }
            input[type="number"]::-webkit-inner-spin-button,
            input[type="number"]::-webkit-outer-spin-button {
                -webkit-appearance: none !important;
            }
            input[type="number"] {
                -moz-appearance: textfield;
            }
            input[type="search"] {
                -webkit-appearance: textfield;
                outline-offset: -2px;
            }
            input[type="search"]::-webkit-search-decoration {
                -webkit-appearance: none !important;
            }
            ::-webkit-file-upload-button {
                -webkit-appearance: button;
                font: inherit;
            }
            details {
                display: block;
            }
            summary {
                display: -webkit-box;
                display: -webkit-list-item;
                display: -ms-list-itembox;
                display: list-item;
            }
            template {
                display: none;
            }
            [hidden] {
                display: none !important;
            }
            :where(
                    blockquote,
                    dl,
                    dd,
                    h1,
                    h2,
                    h3,
                    h4,
                    h5,
                    h6,
                    hr,
                    figure,
                    p,
                    pre
                ) {
                margin: 0;
            }
            button {
                background: transparent;
                padding: 0;
            }
            fieldset {
                margin: 0;
                padding: 0;
            }
            :where(ol, ul) {
                margin: 0;
                padding: 0;
            }
            textarea {
                resize: vertical;
            }
            :where(button, [role="button"]) {
                cursor: pointer;
            }
            button::-moz-focus-inner {
                border: 0 !important;
            }
            table {
                border-collapse: collapse;
            }
            :where(h1, h2, h3, h4, h5, h6) {
                font-size: inherit;
                font-weight: inherit;
            }
            :where(button, input, optgroup, select, textarea) {
                padding: 0;
                line-height: inherit;
                color: inherit;
            }
            :where(img, svg, video, canvas, audio, iframe, embed, object) {
                display: block;
            }
            :where(img, video) {
                max-width: 100%;
                height: auto;
            }
            [data-js-focus-visible]
                :focus:not([data-focus-visible-added]):not(
                    [data-focus-visible-disabled]
                ) {
                outline: none;
                box-shadow: none;
            }
            select::-ms-expand {
                display: none;
            }
            :root,
            :host {
                --chakra-vh: 100vh;
            }
            @supports (height: -webkit-fill-available) {
                :root,
                :host {
                    --chakra-vh: -webkit-fill-available;
                }
            }
            @supports (height: -moz-fill-available) {
                :root,
                :host {
                    --chakra-vh: -moz-fill-available;
                }
            }
            @supports (height: 100dvh) {
                :root,
                :host {
                    --chakra-vh: 100dvh;
                }
            }
        </style>
        <style data-emotion="css-global" data-s="">
            body {
                font-family: var(--chakra-fonts-body);
                color: var(--chakra-colors-chakra-body-text);
                background: var(--chakra-colors-chakra-body-bg);
                transition-property: background-color;
                transition-duration: var(--chakra-transition-duration-normal);
                line-height: var(--chakra-lineHeights-base);
            }
            *::-webkit-input-placeholder {
                color: var(--chakra-colors-chakra-placeholder-color);
            }
            *::-moz-placeholder {
                color: var(--chakra-colors-chakra-placeholder-color);
            }
            *:-ms-input-placeholder {
                color: var(--chakra-colors-chakra-placeholder-color);
            }
            *::placeholder {
                color: var(--chakra-colors-chakra-placeholder-color);
            }
            *,
            *::before,
            ::after {
                border-color: var(--chakra-colors-chakra-border-color);
            }
        </style>
        <style data-emotion="css gf4mx2" data-s="">
            .css-gf4mx2 {
                width: 100%;
                -webkit-margin-start: auto;
                margin-inline-start: auto;
                -webkit-margin-end: auto;
                margin-inline-end: auto;
                max-width: var(--chakra-sizes-container-full);
                min-width: var(--chakra-sizes-container-md);
                -webkit-padding-start: 0px;
                padding-inline-start: 0px;
                -webkit-padding-end: 0px;
                padding-inline-end: 0px;
            }
        </style>
        <style data-emotion="css b2p34e" data-s="">
            .css-b2p34e {
                display: grid;
                grid-template-areas: "header header" "nav main";
                grid-gap: var(--chakra-space-1);
                grid-template-rows: auto 1fr;
                grid-template-columns: 230px minmax(0, 1fr);
            }
        </style>
        <style data-emotion="css 1z68yo" data-s="">
            .css-1z68yo {
                grid-area: header;
                padding-left: var(--chakra-space-6);
                padding-right: var(--chakra-space-4);
            }
        </style>
        <style data-emotion="css 1718j8z" data-s="">
            .css-1718j8z {
                display: grid;
                grid-gap: var(--chakra-space-4);
                grid-template-columns: repeat(5, minmax(0, 1fr));
                grid-template-rows: 1;
                -webkit-align-items: center;
                -webkit-box-align: center;
                -ms-flex-align: center;
                align-items: center;
            }
            @media screen and (min-width: 62em) {
                .css-1718j8z {
                    grid-template-columns: repeat(3, minmax(0, 1fr));
                }
            }
        </style>
        <style data-emotion="css 1o2ynot" data-s="">
            .css-1o2ynot {
                display: -webkit-box;
                display: -webkit-flex;
                display: -ms-flexbox;
                display: flex;
                height: 100%;
                gap: var(--chakra-space-2);
                -webkit-align-items: stretch;
                -webkit-box-align: stretch;
                -ms-flex-align: stretch;
                align-items: stretch;
            }
            @media screen and (min-width: 62em) {
                .css-1o2ynot {
                    gap: var(--chakra-space-8);
                }
            }
        </style>
        <style data-emotion="css 176nuz2" data-s="">
            .css-176nuz2 {
                display: -webkit-inline-box;
                display: -webkit-inline-flex;
                display: -ms-inline-flexbox;
                display: inline-flex;
                -webkit-appearance: none;
                -moz-appearance: none;
                -ms-appearance: none;
                appearance: none;
                -webkit-align-items: center;
                -webkit-box-align: center;
                -ms-flex-align: center;
                align-items: center;
                -webkit-box-pack: center;
                -ms-flex-pack: center;
                -webkit-justify-content: center;
                justify-content: center;
                -webkit-user-select: none;
                -moz-user-select: none;
                -ms-user-select: none;
                user-select: none;
                position: relative;
                white-space: nowrap;
                vertical-align: middle;
                outline: 2px solid transparent;
                outline-offset: 2px;
                line-height: 1.2;
                border-radius: var(--chakra-radii-md);
                font-weight: var(--chakra-fontWeights-semibold);
                transition-property: var(--chakra-transition-property-common);
                transition-duration: var(--chakra-transition-duration-normal);
                height: var(--chakra-sizes-10);
                min-width: var(--chakra-sizes-10);
                font-size: var(--chakra-fontSizes-md);
                border: 1px solid;
                border-color: var(--chakra-colors-gray-200);
                color: var(--chakra-colors-gray-800);
                -webkit-padding-start: 0px;
                padding-inline-start: 0px;
                -webkit-padding-end: 0px;
                padding-inline-end: 0px;
                padding-top: 0px;
                padding-bottom: 0px;
                -webkit-align-self: center;
                -ms-flex-item-align: center;
                align-self: center;
            }
            .css-176nuz2:focus-visible,
            .css-176nuz2[data-focus-visible] {
                box-shadow: var(--chakra-shadows-outline);
            }
            .css-176nuz2:disabled,
            .css-176nuz2[disabled],
            .css-176nuz2[aria-disabled="true"],
            .css-176nuz2[data-disabled] {
                opacity: 0.4;
                cursor: not-allowed;
                box-shadow: var(--chakra-shadows-none);
            }
            .css-176nuz2:hover,
            .css-176nuz2[data-hover] {
                background: var(--chakra-colors-gray-100);
            }
            .css-176nuz2:hover:disabled,
            .css-176nuz2[data-hover]:disabled,
            .css-176nuz2:hover[disabled],
            .css-176nuz2[data-hover][disabled],
            .css-176nuz2:hover[aria-disabled="true"],
            .css-176nuz2[data-hover][aria-disabled="true"],
            .css-176nuz2:hover[data-disabled],
            .css-176nuz2[data-hover][data-disabled] {
                background: initial;
            }
            .chakra-button__group[data-attached][data-orientation="horizontal"]
                > .css-176nuz2:not(:last-of-type) {
                -webkit-margin-end: -1px;
                margin-inline-end: -1px;
            }
            .chakra-button__group[data-attached][data-orientation="vertical"]
                > .css-176nuz2:not(:last-of-type) {
                margin-bottom: -1px;
            }
            .css-176nuz2:active,
            .css-176nuz2[data-active] {
                background: var(--chakra-colors-gray-200);
            }
        </style>
        <style data-emotion="css 6ey7w3" data-s="">
            .css-6ey7w3 {
                width: var(--chakra-sizes-6);
                height: var(--chakra-sizes-6);
                display: inline-block;
                line-height: 1em;
                -webkit-flex-shrink: 0;
                -ms-flex-negative: 0;
                flex-shrink: 0;
                color: currentColor;
            }
        </style>
        <style data-emotion="css jftlly" data-s="">
            .css-jftlly {
                display: -webkit-box;
                display: -webkit-flex;
                display: -ms-flexbox;
                display: flex;
                height: 100%;
                padding-top: var(--chakra-space-3);
                padding-bottom: var(--chakra-space-3);
            }
        </style>
        <style data-emotion="css ksp0dq" data-s="">
            .css-ksp0dq {
                grid-column: span 2 / span 2;
            }
            @media screen and (min-width: 62em) {
                .css-ksp0dq {
                    grid-column: span 1 / span 1;
                }
            }
        </style>
        <style data-emotion="css vhc7ah" data-s="">
            .css-vhc7ah {
                width: 100%;
                -webkit-margin-start: auto;
                margin-inline-start: auto;
                -webkit-margin-end: auto;
                margin-inline-end: auto;
                max-width: var(--chakra-sizes-prose);
                -webkit-padding-start: var(--chakra-space-4);
                padding-inline-start: var(--chakra-space-4);
                -webkit-padding-end: var(--chakra-space-4);
                padding-inline-end: var(--chakra-space-4);
            }
        </style>
        <style data-emotion="css 1kxonj9" data-s="">
            .css-1kxonj9 {
                width: 100%;
                position: relative;
            }
        </style>
        <style data-emotion="css 164hj3a" data-s="">
            .css-164hj3a {
                width: 100%;
                display: -webkit-box;
                display: -webkit-flex;
                display: -ms-flexbox;
                display: flex;
                position: relative;
                isolation: isolate;
                --input-font-size: var(--chakra-fontSizes-md);
                --input-padding: var(--chakra-space-4);
                --input-border-radius: var(--chakra-radii-md);
                --input-height: var(--chakra-sizes-10);
                -webkit-align-items: center;
                -webkit-box-align: center;
                -ms-flex-align: center;
                align-items: center;
            }
        </style>
        <style data-emotion="css 1zzknq" data-s="">
            .css-1zzknq {
                width: 100%;
                height: var(--input-height);
                -webkit-padding-start: var(--input-padding);
                padding-inline-start: var(--input-padding);
                -webkit-padding-end: var(--input-height);
                padding-inline-end: var(--input-height);
                border-radius: var(--input-border-radius);
                min-width: 0px;
                outline: 2px solid transparent;
                outline-offset: 2px;
                position: relative;
                -webkit-appearance: none;
                -moz-appearance: none;
                -ms-appearance: none;
                appearance: none;
                transition-property: var(--chakra-transition-property-common);
                transition-duration: var(--chakra-transition-duration-normal);
                --input-font-size: var(--chakra-fontSizes-lg);
                --input-padding: var(--chakra-space-4);
                --input-border-radius: var(--chakra-radii-md);
                --input-height: var(--chakra-sizes-12);
                border: 1px solid;
                border-color: inherit;
                background: inherit;
                font-size: var(--chakra-fontSizes-md);
            }
            .css-1zzknq:disabled,
            .css-1zzknq[disabled],
            .css-1zzknq[aria-disabled="true"],
            .css-1zzknq[data-disabled] {
                opacity: 0.4;
                cursor: not-allowed;
            }
            .css-1zzknq:hover,
            .css-1zzknq[data-hover] {
                border-color: var(--chakra-colors-gray-300);
            }
            .css-1zzknq[aria-readonly="true"],
            .css-1zzknq[readonly],
            .css-1zzknq[data-readonly] {
                box-shadow: var(--chakra-shadows-none) !important;
                -webkit-user-select: all;
                -moz-user-select: all;
                -ms-user-select: all;
                user-select: all;
            }
            .css-1zzknq[aria-invalid="true"],
            .css-1zzknq[data-invalid] {
                border-color: #ef4444;
                box-shadow: 0 0 0 1px #ef4444;
            }
            .css-1zzknq:focus-visible,
            .css-1zzknq[data-focus-visible] {
                z-index: 1;
                border-color: #3a61f0;
                box-shadow: 0 0 0 1px #3a61f0;
            }
        </style>
        <style data-emotion="css 6o8fz2" data-s="">
            .css-6o8fz2 {
                right: 0;
                width: var(--input-height);
                height: 100%;
                font-size: var(--input-font-size);
                display: -webkit-box;
                display: -webkit-flex;
                display: -ms-flexbox;
                display: flex;
                -webkit-align-items: center;
                -webkit-box-align: center;
                -ms-flex-align: center;
                align-items: center;
                -webkit-box-pack: center;
                -ms-flex-pack: center;
                -webkit-justify-content: center;
                justify-content: center;
                position: absolute;
                top: 0px;
                z-index: 2;
                pointer-events: none;
                color: var(--chakra-colors-gray-400);
            }
        </style>
        <style data-emotion="css 155za0w" data-s="">
            .css-155za0w {
                list-style-type: none;
            }
        </style>
        <style data-emotion="css 5jv1ly" data-s="">
            .css-5jv1ly {
                grid-column: span 2 / span 2;
                justify-self: end;
                max-width: 100%;
            }
            @media screen and (min-width: 62em) {
                .css-5jv1ly {
                    grid-column: span 1 / span 1;
                }
            }
        </style>
        <style data-emotion="css 1cjihdz animation-14pkoxc" data-s="">
            .css-1cjihdz {
                --skeleton-start-color: var(--chakra-colors-gray-100);
                --skeleton-end-color: var(--chakra-colors-gray-400);
                background: var(--skeleton-start-color);
                border-color: var(--skeleton-end-color);
                opacity: 0.7;
                border-radius: var(--chakra-radii-sm);
                -webkit-animation: 0.8s linear infinite alternate
                    animation-14pkoxc;
                animation: 0.8s linear infinite alternate animation-14pkoxc;
                box-shadow: var(--chakra-shadows-none);
                -webkit-background-clip: padding-box;
                background-clip: padding-box;
                cursor: default;
                color: var(--chakra-colors-transparent);
                pointer-events: none;
                -webkit-user-select: none;
                -moz-user-select: none;
                -ms-user-select: none;
                user-select: none;
            }
            .chakra-ui-dark .css-1cjihdz:not([data-theme]),
            [data-theme="dark"] .css-1cjihdz:not([data-theme]),
            .css-1cjihdz[data-theme="dark"] {
                --skeleton-start-color: var(--chakra-colors-gray-800);
                --skeleton-end-color: var(--chakra-colors-gray-600);
            }
            .css-1cjihdz::before,
            .css-1cjihdz::after,
            .css-1cjihdz * {
                visibility: hidden;
            }
            @-webkit-keyframes animation-14pkoxc {
                from {
                    border-color: var(--skeleton-start-color);
                    background: var(--skeleton-start-color);
                }
                to {
                    border-color: var(--skeleton-end-color);
                    background: var(--skeleton-end-color);
                }
            }
            @keyframes animation-14pkoxc {
                from {
                    border-color: var(--skeleton-start-color);
                    background: var(--skeleton-start-color);
                }
                to {
                    border-color: var(--skeleton-end-color);
                    background: var(--skeleton-end-color);
                }
            }
        </style>
        <style data-emotion="css 1cx8d07" data-s="">
            .css-1cx8d07 {
                display: -webkit-inline-box;
                display: -webkit-inline-flex;
                display: -ms-inline-flexbox;
                display: inline-flex;
                -webkit-appearance: none;
                -moz-appearance: none;
                -ms-appearance: none;
                appearance: none;
                -webkit-align-items: center;
                -webkit-box-align: center;
                -ms-flex-align: center;
                align-items: center;
                -webkit-box-pack: center;
                -ms-flex-pack: center;
                -webkit-justify-content: center;
                justify-content: center;
                -webkit-user-select: none;
                -moz-user-select: none;
                -ms-user-select: none;
                user-select: none;
                position: relative;
                white-space: nowrap;
                vertical-align: middle;
                outline: 2px solid transparent;
                outline-offset: 2px;
                line-height: 1.2;
                border-radius: var(--chakra-radii-md);
                font-weight: var(--chakra-fontWeights-semibold);
                transition-property: var(--chakra-transition-property-common);
                transition-duration: var(--chakra-transition-duration-normal);
                height: var(--chakra-sizes-10);
                min-width: var(--chakra-sizes-10);
                font-size: var(--chakra-fontSizes-md);
                -webkit-padding-start: var(--chakra-space-4);
                padding-inline-start: var(--chakra-space-4);
                -webkit-padding-end: var(--chakra-space-4);
                padding-inline-end: var(--chakra-space-4);
                background: var(--chakra-colors-midnight_navy-500);
                color: var(--chakra-colors-white);
            }
            .css-1cx8d07:focus-visible,
            .css-1cx8d07[data-focus-visible] {
                box-shadow: var(--chakra-shadows-outline);
            }
            .css-1cx8d07:disabled,
            .css-1cx8d07[disabled],
            .css-1cx8d07[aria-disabled="true"],
            .css-1cx8d07[data-disabled] {
                opacity: 0.4;
                cursor: not-allowed;
                box-shadow: var(--chakra-shadows-none);
            }
            .css-1cx8d07:hover,
            .css-1cx8d07[data-hover] {
                background: var(--chakra-colors-midnight_navy-600);
            }
            .css-1cx8d07:hover:disabled,
            .css-1cx8d07[data-hover]:disabled,
            .css-1cx8d07:hover[disabled],
            .css-1cx8d07[data-hover][disabled],
            .css-1cx8d07:hover[aria-disabled="true"],
            .css-1cx8d07[data-hover][aria-disabled="true"],
            .css-1cx8d07:hover[data-disabled],
            .css-1cx8d07[data-hover][data-disabled] {
                background: var(--chakra-colors-midnight_navy-500);
            }
            .css-1cx8d07:active,
            .css-1cx8d07[data-active] {
                background: var(--chakra-colors-midnight_navy-700);
            }
        </style>
        <style data-emotion="css snweo4" data-s="">
            .css-snweo4 {
                grid-area: nav;
                padding-left: var(--chakra-space-2);
            }
        </style>
        <style data-emotion="css 19awcav" data-s="">
            .css-19awcav {
                display: -webkit-box;
                display: -webkit-flex;
                display: -ms-flexbox;
                display: flex;
                -webkit-flex-direction: column;
                -ms-flex-direction: column;
                flex-direction: column;
                gap: var(--chakra-space-4);
                padding-right: var(--chakra-space-2);
            }
        </style>
        <style data-emotion="css zdx2uo" data-s="">
            .css-zdx2uo {
                display: -webkit-box;
                display: -webkit-flex;
                display: -ms-flexbox;
                display: flex;
                -webkit-align-items: stretch;
                -webkit-box-align: stretch;
                -ms-flex-align: stretch;
                align-items: stretch;
                -webkit-flex-direction: column;
                -ms-flex-direction: column;
                flex-direction: column;
                gap: 0px;
            }
        </style>
        <style data-emotion="css 9f6g39" data-s="">
            .css-9f6g39 {
                font-family: var(--chakra-fonts-heading);
                font-weight: var(--chakra-fontWeights-bold);
                font-size: var(--chakra-fontSizes-md);
                line-height: 1.2;
            }
        </style>
        <style data-emotion="css 8atqhb" data-s="">
            .css-8atqhb {
                width: 100%;
            }
        </style>
        <style data-emotion="css 9826r4" data-s="">
            .css-9826r4 {
                color: var(--chakra-colors-gray-400);
            }
        </style>
        <style data-emotion="css 1w1z9bl" data-s="">
            .css-1w1z9bl {
                border-top-width: 1px;
                overflow-anchor: none;
                border-color: var(--chakra-colors-white);
            }
            .css-1w1z9bl:last-of-type {
                border-bottom-width: 1px;
            }
        </style>
        <style data-emotion="css ll5c0q" data-s="">
            .css-ll5c0q {
                display: -webkit-box;
                display: -webkit-flex;
                display: -ms-flexbox;
                display: flex;
                -webkit-align-items: center;
                -webkit-box-align: center;
                -ms-flex-align: center;
                align-items: center;
                width: 100%;
                outline: 2px solid transparent;
                outline-offset: 2px;
                transition-property: var(--chakra-transition-property-common);
                transition-duration: var(--chakra-transition-duration-normal);
                font-size: var(--chakra-fontSizes-md);
                -webkit-padding-start: var(--chakra-space-4);
                padding-inline-start: var(--chakra-space-4);
                -webkit-padding-end: var(--chakra-space-4);
                padding-inline-end: var(--chakra-space-4);
                padding-top: var(--chakra-space-0-5);
                padding-bottom: var(--chakra-space-0-5);
                text-align: left;
            }
            .css-ll5c0q:focus-visible,
            .css-ll5c0q[data-focus-visible] {
                box-shadow: var(--chakra-shadows-outline);
            }
            .css-ll5c0q:hover,
            .css-ll5c0q[data-hover] {
                background: var(--chakra-colors-blackAlpha-50);
            }
            .css-ll5c0q:disabled,
            .css-ll5c0q[disabled],
            .css-ll5c0q[aria-disabled="true"],
            .css-ll5c0q[data-disabled] {
                opacity: 0.4;
                cursor: not-allowed;
            }
            .css-ll5c0q[aria-expanded="true"],
            .css-ll5c0q[data-expanded],
            .css-ll5c0q[data-state="expanded"] {
                background: var(--chakra-colors-blue-100);
                color: var(--chakra-colors-blue-700);
            }
        </style>
        <style data-emotion="css d11693" data-s="">
            .css-d11693 {
                transition-property: var(--chakra-transition-property-common);
                transition-duration: var(--chakra-transition-duration-fast);
                transition-timing-function: var(
                    --chakra-transition-easing-ease-out
                );
                cursor: pointer;
                -webkit-text-decoration: none;
                text-decoration: none;
                outline: 2px solid transparent;
                outline-offset: 2px;
                color: inherit;
                display: -webkit-box;
                display: -webkit-flex;
                display: -ms-flexbox;
                display: flex;
                -webkit-align-items: center;
                -webkit-box-align: center;
                -ms-flex-align: center;
                align-items: center;
                width: 100%;
                outline: 2px solid transparent;
                outline-offset: 2px;
                transition-property: var(--chakra-transition-property-common);
                transition-duration: var(--chakra-transition-duration-normal);
                font-size: var(--chakra-fontSizes-md);
                -webkit-padding-start: var(--chakra-space-4);
                padding-inline-start: var(--chakra-space-4);
                -webkit-padding-end: var(--chakra-space-4);
                padding-inline-end: var(--chakra-space-4);
                padding-top: var(--chakra-space-0-5);
                padding-bottom: var(--chakra-space-0-5);
                text-align: left;
            }
            .css-d11693:hover,
            .css-d11693[data-hover] {
                -webkit-text-decoration: underline;
                text-decoration: underline;
            }
            .css-d11693:focus-visible,
            .css-d11693[data-focus-visible] {
                box-shadow: var(--chakra-shadows-outline);
            }
            .css-d11693:focus-visible,
            .css-d11693[data-focus-visible] {
                box-shadow: var(--chakra-shadows-outline);
            }
            .css-d11693:hover,
            .css-d11693[data-hover] {
                background: var(--chakra-colors-blackAlpha-50);
            }
            .css-d11693:disabled,
            .css-d11693[disabled],
            .css-d11693[aria-disabled="true"],
            .css-d11693[data-disabled] {
                opacity: 0.4;
                cursor: not-allowed;
            }
            .css-d11693[aria-expanded="true"],
            .css-d11693[data-expanded],
            .css-d11693[data-state="expanded"] {
                background: var(--chakra-colors-blue-100);
                color: var(--chakra-colors-blue-700);
            }
        </style>
        <style data-emotion="css 1rr4qq7" data-s="">
            .css-1rr4qq7 {
                -webkit-flex: 1;
                -ms-flex: 1;
                flex: 1;
            }
        </style>
        <style data-emotion="css 1inji5u" data-s="">
            .css-1inji5u {
                padding-top: var(--chakra-space-2);
                -webkit-padding-start: var(--chakra-space-4);
                padding-inline-start: var(--chakra-space-4);
                -webkit-padding-end: var(--chakra-space-4);
                padding-inline-end: var(--chakra-space-4);
                padding-bottom: var(--chakra-space-5);
                padding: 0px;
            }
        </style>
        <style data-emotion="css ohugnc" data-s="">
            .css-ohugnc {
                display: -webkit-box;
                display: -webkit-flex;
                display: -ms-flexbox;
                display: flex;
                -webkit-flex-direction: column;
                -ms-flex-direction: column;
                flex-direction: column;
                -webkit-align-items: start;
                -webkit-box-align: start;
                -ms-flex-align: start;
                align-items: start;
            }
        </style>
        <style data-emotion="css 1pi0q50" data-s="">
            .css-1pi0q50 {
                transition-property: var(--chakra-transition-property-common);
                transition-duration: var(--chakra-transition-duration-fast);
                transition-timing-function: var(
                    --chakra-transition-easing-ease-out
                );
                cursor: pointer;
                -webkit-text-decoration: none;
                text-decoration: none;
                outline: 2px solid transparent;
                outline-offset: 2px;
                color: inherit;
                font-size: var(--chakra-fontSizes-sm);
                padding-top: var(--chakra-space-1);
                padding-bottom: var(--chakra-space-1);
                -webkit-padding-start: var(--chakra-space-6);
                padding-inline-start: var(--chakra-space-6);
                -webkit-padding-end: var(--chakra-space-6);
                padding-inline-end: var(--chakra-space-6);
                width: 100%;
            }
            .css-1pi0q50:focus-visible,
            .css-1pi0q50[data-focus-visible] {
                box-shadow: var(--chakra-shadows-outline);
            }
            .css-1pi0q50:hover,
            .css-1pi0q50[data-hover] {
                background: var(--chakra-colors-gray-100);
            }
        </style>
        <style data-emotion="css 3txq3x" data-s="">
            .css-3txq3x {
                display: -webkit-box;
                display: -webkit-flex;
                display: -ms-flexbox;
                display: flex;
                -webkit-align-items: center;
                -webkit-box-align: center;
                -ms-flex-align: center;
                align-items: center;
                width: 100%;
                outline: 2px solid transparent;
                outline-offset: 2px;
                transition-property: var(--chakra-transition-property-common);
                transition-duration: var(--chakra-transition-duration-normal);
                font-size: var(--chakra-fontSizes-md);
                -webkit-padding-start: var(--chakra-space-4);
                padding-inline-start: var(--chakra-space-4);
                -webkit-padding-end: var(--chakra-space-4);
                padding-inline-end: var(--chakra-space-4);
                text-align: left;
                padding-top: var(--chakra-space-0-5);
                padding-bottom: var(--chakra-space-0-5);
            }
            .css-3txq3x:focus-visible,
            .css-3txq3x[data-focus-visible] {
                box-shadow: var(--chakra-shadows-outline);
            }
            .css-3txq3x:hover,
            .css-3txq3x[data-hover] {
                background: var(--chakra-colors-blackAlpha-50);
            }
            .css-3txq3x:disabled,
            .css-3txq3x[disabled],
            .css-3txq3x[aria-disabled="true"],
            .css-3txq3x[data-disabled] {
                opacity: 0.4;
                cursor: not-allowed;
            }
            .css-3txq3x[aria-expanded="true"],
            .css-3txq3x[data-expanded],
            .css-3txq3x[data-state="expanded"] {
                background: var(--chakra-colors-blue-50);
                color: var(--chakra-colors-blue-700);
            }
        </style>
        <style data-emotion="css usqr87" data-s="">
            .css-usqr87 {
                display: -webkit-box;
                display: -webkit-flex;
                display: -ms-flexbox;
                display: flex;
                -webkit-flex: 1;
                -ms-flex: 1;
                flex: 1;
                -webkit-align-items: center;
                -webkit-box-align: center;
                -ms-flex-align: center;
                align-items: center;
                gap: var(--chakra-space-2);
            }
        </style>
        <style data-emotion="css whilru" data-s="">
            .css-whilru {
                padding-right: var(--chakra-space-6);
            }
        </style>
        <style data-emotion="css a7y5ov" data-s="">
            .css-a7y5ov {
                color: var(--chakra-colors-blue-700);
            }
        </style>
        <style data-emotion="css 11nvj5w" data-s="">
            .css-11nvj5w {
                grid-area: main;
                padding-left: var(--chakra-space-2);
                padding-right: var(--chakra-space-4);
                padding-top: var(--chakra-space-4);
                padding-bottom: var(--chakra-space-4);
            }
        </style>
        <style data-emotion="css ahthbn" data-s="">
            .css-ahthbn {
                display: -webkit-box;
                display: -webkit-flex;
                display: -ms-flexbox;
                display: flex;
                -webkit-flex-direction: column;
                -ms-flex-direction: column;
                flex-direction: column;
                gap: var(--chakra-space-6);
            }
        </style>
        <style data-emotion="css 1811skr" data-s="">
            .css-1811skr {
                display: -webkit-box;
                display: -webkit-flex;
                display: -ms-flexbox;
                display: flex;
                -webkit-flex-direction: column;
                -ms-flex-direction: column;
                flex-direction: column;
                gap: var(--chakra-space-4);
            }
        </style>
        <style data-emotion="css 17yuhn0" data-s="">
            .css-17yuhn0 {
                display: -webkit-box;
                display: -webkit-flex;
                display: -ms-flexbox;
                display: flex;
                -webkit-box-pack: justify;
                -webkit-justify-content: space-between;
                justify-content: space-between;
                gap: var(--chakra-space-2);
                padding-top: var(--chakra-space-3);
                padding-bottom: var(--chakra-space-3);
            }
        </style>
        <style data-emotion="css 18z2gjh" data-s="">
            .css-18z2gjh {
                display: -webkit-box;
                display: -webkit-flex;
                display: -ms-flexbox;
                display: flex;
                -webkit-box-flex-wrap: wrap;
                -webkit-flex-wrap: wrap;
                -ms-flex-wrap: wrap;
                flex-wrap: wrap;
                gap: var(--chakra-space-2);
            }
        </style>
        <style data-emotion="css i8y1hn" data-s="">
            .css-i8y1hn {
                display: -webkit-inline-box;
                display: -webkit-inline-flex;
                display: -ms-inline-flexbox;
                display: inline-flex;
                -webkit-appearance: none;
                -moz-appearance: none;
                -ms-appearance: none;
                appearance: none;
                -webkit-align-items: center;
                -webkit-box-align: center;
                -ms-flex-align: center;
                align-items: center;
                -webkit-box-pack: center;
                -ms-flex-pack: center;
                -webkit-justify-content: center;
                justify-content: center;
                -webkit-user-select: none;
                -moz-user-select: none;
                -ms-user-select: none;
                user-select: none;
                position: relative;
                white-space: nowrap;
                vertical-align: middle;
                outline: 2px solid transparent;
                outline-offset: 2px;
                line-height: 1.2;
                border-radius: var(--chakra-radii-md);
                font-weight: var(--chakra-fontWeights-semibold);
                transition-property: var(--chakra-transition-property-common);
                transition-duration: var(--chakra-transition-duration-normal);
                height: var(--chakra-sizes-8);
                min-width: var(--chakra-sizes-8);
                font-size: var(--chakra-fontSizes-sm);
                -webkit-padding-start: var(--chakra-space-3);
                padding-inline-start: var(--chakra-space-3);
                -webkit-padding-end: var(--chakra-space-3);
                padding-inline-end: var(--chakra-space-3);
                border: 1px solid;
                border-color: var(--chakra-colors-gray-200);
                color: var(--chakra-colors-gray-800);
            }
            .css-i8y1hn:focus-visible,
            .css-i8y1hn[data-focus-visible] {
                box-shadow: var(--chakra-shadows-outline);
            }
            .css-i8y1hn:disabled,
            .css-i8y1hn[disabled],
            .css-i8y1hn[aria-disabled="true"],
            .css-i8y1hn[data-disabled] {
                opacity: 0.4;
                cursor: not-allowed;
                box-shadow: var(--chakra-shadows-none);
            }
            .css-i8y1hn:hover,
            .css-i8y1hn[data-hover] {
                background: var(--chakra-colors-gray-100);
            }
            .css-i8y1hn:hover:disabled,
            .css-i8y1hn[data-hover]:disabled,
            .css-i8y1hn:hover[disabled],
            .css-i8y1hn[data-hover][disabled],
            .css-i8y1hn:hover[aria-disabled="true"],
            .css-i8y1hn[data-hover][aria-disabled="true"],
            .css-i8y1hn:hover[data-disabled],
            .css-i8y1hn[data-hover][data-disabled] {
                background: initial;
            }
            .chakra-button__group[data-attached][data-orientation="horizontal"]
                > .css-i8y1hn:not(:last-of-type) {
                -webkit-margin-end: -1px;
                margin-inline-end: -1px;
            }
            .chakra-button__group[data-attached][data-orientation="vertical"]
                > .css-i8y1hn:not(:last-of-type) {
                margin-bottom: -1px;
            }
            .css-i8y1hn:active,
            .css-i8y1hn[data-active] {
                background: var(--chakra-colors-gray-200);
            }
        </style>
        <style data-emotion="css 1e8lygs" data-s="">
            .css-1e8lygs {
                transition-property: var(--chakra-transition-property-common);
                transition-duration: var(--chakra-transition-duration-fast);
                transition-timing-function: var(
                    --chakra-transition-easing-ease-out
                );
                cursor: pointer;
                -webkit-text-decoration: none;
                text-decoration: none;
                outline: 2px solid transparent;
                outline-offset: 2px;
                color: inherit;
                display: -webkit-inline-box;
                display: -webkit-inline-flex;
                display: -ms-inline-flexbox;
                display: inline-flex;
                -webkit-appearance: none;
                -moz-appearance: none;
                -ms-appearance: none;
                appearance: none;
                -webkit-align-items: center;
                -webkit-box-align: center;
                -ms-flex-align: center;
                align-items: center;
                -webkit-box-pack: center;
                -ms-flex-pack: center;
                -webkit-justify-content: center;
                justify-content: center;
                -webkit-user-select: none;
                -moz-user-select: none;
                -ms-user-select: none;
                user-select: none;
                position: relative;
                white-space: nowrap;
                vertical-align: middle;
                outline: 2px solid transparent;
                outline-offset: 2px;
                line-height: 1.2;
                border-radius: var(--chakra-radii-md);
                font-weight: var(--chakra-fontWeights-semibold);
                transition-property: var(--chakra-transition-property-common);
                transition-duration: var(--chakra-transition-duration-normal);
                height: var(--chakra-sizes-8);
                min-width: var(--chakra-sizes-8);
                font-size: var(--chakra-fontSizes-sm);
                -webkit-padding-start: var(--chakra-space-3);
                padding-inline-start: var(--chakra-space-3);
                -webkit-padding-end: var(--chakra-space-3);
                padding-inline-end: var(--chakra-space-3);
                border: 1px solid;
                border-color: var(--chakra-colors-gray-200);
                color: var(--chakra-colors-gray-800);
            }
            .css-1e8lygs:hover,
            .css-1e8lygs[data-hover] {
                -webkit-text-decoration: underline;
                text-decoration: underline;
            }
            .css-1e8lygs:focus-visible,
            .css-1e8lygs[data-focus-visible] {
                box-shadow: var(--chakra-shadows-outline);
            }
            .css-1e8lygs:focus-visible,
            .css-1e8lygs[data-focus-visible] {
                box-shadow: var(--chakra-shadows-outline);
            }
            .css-1e8lygs:disabled,
            .css-1e8lygs[disabled],
            .css-1e8lygs[aria-disabled="true"],
            .css-1e8lygs[data-disabled] {
                opacity: 0.4;
                cursor: not-allowed;
                box-shadow: var(--chakra-shadows-none);
            }
            .css-1e8lygs:hover,
            .css-1e8lygs[data-hover] {
                background: var(--chakra-colors-gray-100);
            }
            .css-1e8lygs:hover:disabled,
            .css-1e8lygs[data-hover]:disabled,
            .css-1e8lygs:hover[disabled],
            .css-1e8lygs[data-hover][disabled],
            .css-1e8lygs:hover[aria-disabled="true"],
            .css-1e8lygs[data-hover][aria-disabled="true"],
            .css-1e8lygs:hover[data-disabled],
            .css-1e8lygs[data-hover][data-disabled] {
                background: initial;
            }
            .chakra-button__group[data-attached][data-orientation="horizontal"]
                > .css-1e8lygs:not(:last-of-type) {
                -webkit-margin-end: -1px;
                margin-inline-end: -1px;
            }
            .chakra-button__group[data-attached][data-orientation="vertical"]
                > .css-1e8lygs:not(:last-of-type) {
                margin-bottom: -1px;
            }
            .css-1e8lygs:active,
            .css-1e8lygs[data-active] {
                background: var(--chakra-colors-gray-200);
            }
        </style>
        <style data-emotion="css 1wh2kri" data-s="">
            .css-1wh2kri {
                display: -webkit-inline-box;
                display: -webkit-inline-flex;
                display: -ms-inline-flexbox;
                display: inline-flex;
                -webkit-align-self: center;
                -ms-flex-item-align: center;
                align-self: center;
                -webkit-flex-shrink: 0;
                -ms-flex-negative: 0;
                flex-shrink: 0;
                -webkit-margin-end: 0.5rem;
                margin-inline-end: 0.5rem;
            }
        </style>
        <style data-emotion="css xl71ch" data-s="">
            .css-xl71ch {
                pointer-events: none;
                -webkit-flex: 1 1 auto;
                -ms-flex: 1 1 auto;
                flex: 1 1 auto;
                min-width: 0px;
            }
        </style>
        <style data-emotion="css 1hzyiq5" data-s="">
            .css-1hzyiq5 {
                display: -webkit-inline-box;
                display: -webkit-inline-flex;
                display: -ms-inline-flexbox;
                display: inline-flex;
                -webkit-align-self: center;
                -ms-flex-item-align: center;
                align-self: center;
                -webkit-flex-shrink: 0;
                -ms-flex-negative: 0;
                flex-shrink: 0;
                -webkit-margin-start: 0.5rem;
                margin-inline-start: 0.5rem;
            }
        </style>
        <style data-emotion="css onkibi" data-s="">
            .css-onkibi {
                width: 1em;
                height: 1em;
                display: inline-block;
                line-height: 1em;
                -webkit-flex-shrink: 0;
                -ms-flex-negative: 0;
                flex-shrink: 0;
                color: currentColor;
                vertical-align: middle;
            }
        </style>
        <style data-emotion="css ktd6ms" data-s="">
            .css-ktd6ms {
                z-index: var(--chakra-zIndices-dropdown);
            }
        </style>
        <style data-emotion="css s5t7bz" data-s="">
            .css-s5t7bz {
                outline: 2px solid transparent;
                outline-offset: 2px;
                --menu-bg: #fff;
                --menu-shadow: var(--chakra-shadows-sm);
                color: inherit;
                min-width: var(--chakra-sizes-3xs);
                padding-top: var(--chakra-space-2);
                padding-bottom: var(--chakra-space-2);
                z-index: var(--chakra-zIndices-dropdown);
                border-radius: var(--chakra-radii-md);
                border-width: 1px;
                background: var(--menu-bg);
                box-shadow: var(--menu-shadow);
            }
            .chakra-ui-dark .css-s5t7bz:not([data-theme]),
            [data-theme="dark"] .css-s5t7bz:not([data-theme]),
            .css-s5t7bz[data-theme="dark"] {
                --menu-bg: var(--chakra-colors-gray-700);
                --menu-shadow: var(--chakra-shadows-dark-lg);
            }
        </style>
        <style data-emotion="css hunt27" data-s="">
            .css-hunt27 {
                -webkit-margin-start: var(--chakra-space-4);
                margin-inline-start: var(--chakra-space-4);
                -webkit-margin-end: var(--chakra-space-4);
                margin-inline-end: var(--chakra-space-4);
                margin-top: var(--chakra-space-2);
                margin-bottom: var(--chakra-space-2);
                font-weight: var(--chakra-fontWeights-semibold);
                font-size: var(--chakra-fontSizes-sm);
            }
        </style>
        <style data-emotion="css y7jzs3" data-s="">
            .css-y7jzs3 {
                -webkit-text-decoration: none;
                text-decoration: none;
                color: inherit;
                -webkit-user-select: none;
                -moz-user-select: none;
                -ms-user-select: none;
                user-select: none;
                display: -webkit-box;
                display: -webkit-flex;
                display: -ms-flexbox;
                display: flex;
                width: 100%;
                -webkit-align-items: center;
                -webkit-box-align: center;
                -ms-flex-align: center;
                align-items: center;
                text-align: start;
                -webkit-flex: 0 0 auto;
                -ms-flex: 0 0 auto;
                flex: 0 0 auto;
                outline: 2px solid transparent;
                outline-offset: 2px;
                padding-top: var(--chakra-space-1-5);
                padding-bottom: var(--chakra-space-1-5);
                -webkit-padding-start: var(--chakra-space-3);
                padding-inline-start: var(--chakra-space-3);
                -webkit-padding-end: var(--chakra-space-3);
                padding-inline-end: var(--chakra-space-3);
                transition-property: var(
                    --chakra-transition-property-background
                );
                transition-duration: var(
                    --chakra-transition-duration-ultra-fast
                );
                transition-timing-function: var(
                    --chakra-transition-easing-ease-in
                );
                background: var(--menu-bg);
            }
            .css-y7jzs3:focus,
            .css-y7jzs3[data-focus] {
                --menu-bg: var(--chakra-colors-gray-100);
            }
            .chakra-ui-dark .css-y7jzs3:focus:not([data-theme]),
            .chakra-ui-dark .css-y7jzs3[data-focus]:not([data-theme]),
            [data-theme="dark"] .css-y7jzs3:focus:not([data-theme]),
            [data-theme="dark"] .css-y7jzs3[data-focus]:not([data-theme]),
            .css-y7jzs3:focus[data-theme="dark"],
            .css-y7jzs3[data-focus][data-theme="dark"] {
                --menu-bg: var(--chakra-colors-whiteAlpha-100);
            }
            .css-y7jzs3:active,
            .css-y7jzs3[data-active] {
                --menu-bg: var(--chakra-colors-gray-200);
            }
            .chakra-ui-dark .css-y7jzs3:active:not([data-theme]),
            .chakra-ui-dark .css-y7jzs3[data-active]:not([data-theme]),
            [data-theme="dark"] .css-y7jzs3:active:not([data-theme]),
            [data-theme="dark"] .css-y7jzs3[data-active]:not([data-theme]),
            .css-y7jzs3:active[data-theme="dark"],
            .css-y7jzs3[data-active][data-theme="dark"] {
                --menu-bg: var(--chakra-colors-whiteAlpha-200);
            }
            .css-y7jzs3[aria-expanded="true"],
            .css-y7jzs3[data-expanded],
            .css-y7jzs3[data-state="expanded"] {
                --menu-bg: var(--chakra-colors-gray-100);
            }
            .chakra-ui-dark .css-y7jzs3[aria-expanded="true"]:not([data-theme]),
            .chakra-ui-dark .css-y7jzs3[data-expanded]:not([data-theme]),
            .chakra-ui-dark
                .css-y7jzs3[data-state="expanded"]:not([data-theme]),
            [data-theme="dark"]
                .css-y7jzs3[aria-expanded="true"]:not([data-theme]),
            [data-theme="dark"] .css-y7jzs3[data-expanded]:not([data-theme]),
            [data-theme="dark"]
                .css-y7jzs3[data-state="expanded"]:not([data-theme]),
            .css-y7jzs3[aria-expanded="true"][data-theme="dark"],
            .css-y7jzs3[data-expanded][data-theme="dark"],
            .css-y7jzs3[data-state="expanded"][data-theme="dark"] {
                --menu-bg: var(--chakra-colors-whiteAlpha-100);
            }
            .css-y7jzs3:disabled,
            .css-y7jzs3[disabled],
            .css-y7jzs3[aria-disabled="true"],
            .css-y7jzs3[data-disabled] {
                opacity: 0.4;
                cursor: not-allowed;
            }
        </style>
        <style data-emotion="css 1wdxdhd" data-s="">
            .css-1wdxdhd {
                transition-property: var(--chakra-transition-property-common);
                transition-duration: var(--chakra-transition-duration-fast);
                transition-timing-function: var(
                    --chakra-transition-easing-ease-out
                );
                cursor: pointer;
                -webkit-text-decoration: none;
                text-decoration: none;
                outline: 2px solid transparent;
                outline-offset: 2px;
                color: inherit;
                -webkit-text-decoration: none;
                text-decoration: none;
                color: inherit;
                -webkit-user-select: none;
                -moz-user-select: none;
                -ms-user-select: none;
                user-select: none;
                display: -webkit-box;
                display: -webkit-flex;
                display: -ms-flexbox;
                display: flex;
                width: 100%;
                -webkit-align-items: center;
                -webkit-box-align: center;
                -ms-flex-align: center;
                align-items: center;
                text-align: start;
                -webkit-flex: 0 0 auto;
                -ms-flex: 0 0 auto;
                flex: 0 0 auto;
                outline: 2px solid transparent;
                outline-offset: 2px;
                padding-top: var(--chakra-space-1-5);
                padding-bottom: var(--chakra-space-1-5);
                -webkit-padding-start: var(--chakra-space-3);
                padding-inline-start: var(--chakra-space-3);
                -webkit-padding-end: var(--chakra-space-3);
                padding-inline-end: var(--chakra-space-3);
                transition-property: var(
                    --chakra-transition-property-background
                );
                transition-duration: var(
                    --chakra-transition-duration-ultra-fast
                );
                transition-timing-function: var(
                    --chakra-transition-easing-ease-in
                );
                background: var(--menu-bg);
            }
            .css-1wdxdhd:hover,
            .css-1wdxdhd[data-hover] {
                -webkit-text-decoration: underline;
                text-decoration: underline;
            }
            .css-1wdxdhd:focus-visible,
            .css-1wdxdhd[data-focus-visible] {
                box-shadow: var(--chakra-shadows-outline);
            }
            .css-1wdxdhd:focus,
            .css-1wdxdhd[data-focus] {
                --menu-bg: var(--chakra-colors-gray-100);
            }
            .chakra-ui-dark .css-1wdxdhd:focus:not([data-theme]),
            .chakra-ui-dark .css-1wdxdhd[data-focus]:not([data-theme]),
            [data-theme="dark"] .css-1wdxdhd:focus:not([data-theme]),
            [data-theme="dark"] .css-1wdxdhd[data-focus]:not([data-theme]),
            .css-1wdxdhd:focus[data-theme="dark"],
            .css-1wdxdhd[data-focus][data-theme="dark"] {
                --menu-bg: var(--chakra-colors-whiteAlpha-100);
            }
            .css-1wdxdhd:active,
            .css-1wdxdhd[data-active] {
                --menu-bg: var(--chakra-colors-gray-200);
            }
            .chakra-ui-dark .css-1wdxdhd:active:not([data-theme]),
            .chakra-ui-dark .css-1wdxdhd[data-active]:not([data-theme]),
            [data-theme="dark"] .css-1wdxdhd:active:not([data-theme]),
            [data-theme="dark"] .css-1wdxdhd[data-active]:not([data-theme]),
            .css-1wdxdhd:active[data-theme="dark"],
            .css-1wdxdhd[data-active][data-theme="dark"] {
                --menu-bg: var(--chakra-colors-whiteAlpha-200);
            }
            .css-1wdxdhd[aria-expanded="true"],
            .css-1wdxdhd[data-expanded],
            .css-1wdxdhd[data-state="expanded"] {
                --menu-bg: var(--chakra-colors-gray-100);
            }
            .chakra-ui-dark
                .css-1wdxdhd[aria-expanded="true"]:not([data-theme]),
            .chakra-ui-dark .css-1wdxdhd[data-expanded]:not([data-theme]),
            .chakra-ui-dark
                .css-1wdxdhd[data-state="expanded"]:not([data-theme]),
            [data-theme="dark"]
                .css-1wdxdhd[aria-expanded="true"]:not([data-theme]),
            [data-theme="dark"] .css-1wdxdhd[data-expanded]:not([data-theme]),
            [data-theme="dark"]
                .css-1wdxdhd[data-state="expanded"]:not([data-theme]),
            .css-1wdxdhd[aria-expanded="true"][data-theme="dark"],
            .css-1wdxdhd[data-expanded][data-theme="dark"],
            .css-1wdxdhd[data-state="expanded"][data-theme="dark"] {
                --menu-bg: var(--chakra-colors-whiteAlpha-100);
            }
            .css-1wdxdhd:disabled,
            .css-1wdxdhd[disabled],
            .css-1wdxdhd[aria-disabled="true"],
            .css-1wdxdhd[data-disabled] {
                opacity: 0.4;
                cursor: not-allowed;
            }
        </style>
        <style data-emotion="css n6hvge" data-s="">
            .css-n6hvge {
                display: -webkit-inline-box;
                display: -webkit-inline-flex;
                display: -ms-inline-flexbox;
                display: inline-flex;
                -webkit-align-items: center;
                -webkit-box-align: center;
                -ms-flex-align: center;
                align-items: center;
                -webkit-box-pack: center;
                -ms-flex-pack: center;
                -webkit-justify-content: center;
                justify-content: center;
                -webkit-flex-shrink: 0;
                -ms-flex-negative: 0;
                flex-shrink: 0;
                font-size: 0.8em;
                -webkit-margin-end: 0.75rem;
                margin-inline-end: 0.75rem;
                opacity: 0;
            }
        </style>
        <style data-emotion="css a2wsy3" data-s="">
            .css-a2wsy3 {
                color: gray;
            }
        </style>
        <style data-emotion="css 2s97w8" data-s="">
            .css-2s97w8 {
                display: -webkit-box;
                display: -webkit-flex;
                display: -ms-flexbox;
                display: flex;
                gap: var(--chakra-space-2);
                -webkit-align-items: start;
                -webkit-box-align: start;
                -ms-flex-align: start;
                align-items: start;
            }
        </style>
        <style data-emotion="css 1ktp5rg" data-s="">
            .css-1ktp5rg {
                display: -webkit-box;
                display: -webkit-flex;
                display: -ms-flexbox;
                display: flex;
                gap: var(--chakra-space-2);
                -webkit-align-items: center;
                -webkit-box-align: center;
                -ms-flex-align: center;
                align-items: center;
            }
        </style>
        <style data-emotion="css 1pqvhxt" data-s="">
            .css-1pqvhxt {
                display: -webkit-inline-box;
                display: -webkit-inline-flex;
                display: -ms-inline-flexbox;
                display: inline-flex;
                -webkit-appearance: none;
                -moz-appearance: none;
                -ms-appearance: none;
                appearance: none;
                -webkit-align-items: center;
                -webkit-box-align: center;
                -ms-flex-align: center;
                align-items: center;
                -webkit-box-pack: center;
                -ms-flex-pack: center;
                -webkit-justify-content: center;
                justify-content: center;
                -webkit-user-select: none;
                -moz-user-select: none;
                -ms-user-select: none;
                user-select: none;
                position: relative;
                white-space: nowrap;
                vertical-align: middle;
                outline: 2px solid transparent;
                outline-offset: 2px;
                line-height: 1.2;
                border-radius: var(--chakra-radii-md);
                font-weight: var(--chakra-fontWeights-semibold);
                transition-property: var(--chakra-transition-property-common);
                transition-duration: var(--chakra-transition-duration-normal);
                height: var(--chakra-sizes-8);
                min-width: var(--chakra-sizes-8);
                font-size: var(--chakra-fontSizes-sm);
                background: var(--chakra-colors-gray-100);
                color: var(--chakra-colors-gray-800);
                -webkit-padding-start: 0px;
                padding-inline-start: 0px;
                -webkit-padding-end: 0px;
                padding-inline-end: 0px;
                padding-top: 0px;
                padding-bottom: 0px;
            }
            .css-1pqvhxt:focus-visible,
            .css-1pqvhxt[data-focus-visible] {
                box-shadow: var(--chakra-shadows-outline);
            }
            .css-1pqvhxt:disabled,
            .css-1pqvhxt[disabled],
            .css-1pqvhxt[aria-disabled="true"],
            .css-1pqvhxt[data-disabled] {
                opacity: 0.4;
                cursor: not-allowed;
                box-shadow: var(--chakra-shadows-none);
            }
            .css-1pqvhxt:hover,
            .css-1pqvhxt[data-hover] {
                background: var(--chakra-colors-gray-200);
            }
            .css-1pqvhxt:hover:disabled,
            .css-1pqvhxt[data-hover]:disabled,
            .css-1pqvhxt:hover[disabled],
            .css-1pqvhxt[data-hover][disabled],
            .css-1pqvhxt:hover[aria-disabled="true"],
            .css-1pqvhxt[data-hover][aria-disabled="true"],
            .css-1pqvhxt:hover[data-disabled],
            .css-1pqvhxt[data-hover][data-disabled] {
                background: var(--chakra-colors-gray-100);
            }
            .css-1pqvhxt:active,
            .css-1pqvhxt[data-active] {
                background: var(--chakra-colors-gray-300);
            }
        </style>
        <style data-emotion="css itvw0n" data-s="">
            .css-itvw0n {
                font-size: var(--chakra-fontSizes-sm);
            }
        </style>
        <style data-emotion="css obk10r" data-s="">
            .css-obk10r {
                transition-property: var(--chakra-transition-property-common);
                transition-duration: var(--chakra-transition-duration-fast);
                transition-timing-function: var(
                    --chakra-transition-easing-ease-out
                );
                cursor: pointer;
                -webkit-text-decoration: none;
                text-decoration: none;
                outline: 2px solid transparent;
                outline-offset: 2px;
                color: inherit;
                display: -webkit-inline-box;
                display: -webkit-inline-flex;
                display: -ms-inline-flexbox;
                display: inline-flex;
                -webkit-appearance: none;
                -moz-appearance: none;
                -ms-appearance: none;
                appearance: none;
                -webkit-align-items: center;
                -webkit-box-align: center;
                -ms-flex-align: center;
                align-items: center;
                -webkit-box-pack: center;
                -ms-flex-pack: center;
                -webkit-justify-content: center;
                justify-content: center;
                -webkit-user-select: none;
                -moz-user-select: none;
                -ms-user-select: none;
                user-select: none;
                position: relative;
                white-space: nowrap;
                vertical-align: middle;
                outline: 2px solid transparent;
                outline-offset: 2px;
                line-height: 1.2;
                border-radius: var(--chakra-radii-md);
                font-weight: var(--chakra-fontWeights-semibold);
                transition-property: var(--chakra-transition-property-common);
                transition-duration: var(--chakra-transition-duration-normal);
                height: var(--chakra-sizes-8);
                min-width: var(--chakra-sizes-8);
                font-size: var(--chakra-fontSizes-sm);
                background: var(--chakra-colors-gray-100);
                color: var(--chakra-colors-gray-800);
                -webkit-padding-start: 0px;
                padding-inline-start: 0px;
                -webkit-padding-end: 0px;
                padding-inline-end: 0px;
                padding-top: 0px;
                padding-bottom: 0px;
            }
            .css-obk10r:hover,
            .css-obk10r[data-hover] {
                -webkit-text-decoration: underline;
                text-decoration: underline;
            }
            .css-obk10r:focus-visible,
            .css-obk10r[data-focus-visible] {
                box-shadow: var(--chakra-shadows-outline);
            }
            .css-obk10r:focus-visible,
            .css-obk10r[data-focus-visible] {
                box-shadow: var(--chakra-shadows-outline);
            }
            .css-obk10r:disabled,
            .css-obk10r[disabled],
            .css-obk10r[aria-disabled="true"],
            .css-obk10r[data-disabled] {
                opacity: 0.4;
                cursor: not-allowed;
                box-shadow: var(--chakra-shadows-none);
            }
            .css-obk10r:hover,
            .css-obk10r[data-hover] {
                background: var(--chakra-colors-gray-200);
            }
            .css-obk10r:hover:disabled,
            .css-obk10r[data-hover]:disabled,
            .css-obk10r:hover[disabled],
            .css-obk10r[data-hover][disabled],
            .css-obk10r:hover[aria-disabled="true"],
            .css-obk10r[data-hover][aria-disabled="true"],
            .css-obk10r:hover[data-disabled],
            .css-obk10r[data-hover][data-disabled] {
                background: var(--chakra-colors-gray-100);
            }
            .css-obk10r:active,
            .css-obk10r[data-active] {
                background: var(--chakra-colors-gray-300);
            }
        </style>
        <style data-emotion="css sfrsz2" data-s="">
            .css-sfrsz2 {
                display: -webkit-inline-box;
                display: -webkit-inline-flex;
                display: -ms-inline-flexbox;
                display: inline-flex;
                -webkit-align-items: center;
                -webkit-box-align: center;
                -ms-flex-align: center;
                align-items: center;
                -webkit-box-pack: center;
                -ms-flex-pack: center;
                -webkit-justify-content: center;
                justify-content: center;
                -webkit-flex-shrink: 0;
                -ms-flex-negative: 0;
                flex-shrink: 0;
                font-size: 0.8em;
                -webkit-margin-end: 0.75rem;
                margin-inline-end: 0.75rem;
                opacity: 1;
            }
        </style>
        <style data-emotion="css 1u8irl5" data-s="">
            .css-1u8irl5 {
                display: grid;
                grid-gap: var(--chakra-space-4);
                grid-template-columns: repeat(6, 1fr);
            }
        </style>
        <style data-emotion="css 5pmr4x" data-s="">
            .css-5pmr4x {
                display: -webkit-box;
                display: -webkit-flex;
                display: -ms-flexbox;
                display: flex;
                -webkit-flex-direction: column;
                -ms-flex-direction: column;
                flex-direction: column;
                position: relative;
                min-width: 0px;
                word-wrap: break-word;
                --card-bg: var(--chakra-colors-chakra-body-bg);
                background-color: var(--card-bg);
                box-shadow: var(--card-shadow);
                border-radius: var(--card-radius);
                border-width: var(--card-border-width, 0);
                border-color: var(--chakra-colors-white);
                --card-radius: var(--chakra-radii-base);
                --card-padding: var(--chakra-space-3);
                --card-border-width: 1px;
                --card-border-color: var(--chakra-colors-chakra-border-color);
                color: var(--chakra-colors-blue-400);
                font-weight: var(--chakra-fontWeights-semibold);
            }
            .css-5pmr4x:hover,
            .css-5pmr4x[data-hover] {
                color: var(--chakra-colors-blue-600);
                border-color: var(--chakra-colors-gray-200);
            }
        </style>
        <style data-emotion="css 1idwstw" data-s="">
            .css-1idwstw {
                padding: var(--card-padding);
                -webkit-flex: 1 1 0%;
                -ms-flex: 1 1 0%;
                flex: 1 1 0%;
            }
        </style>
        <style data-emotion="css 1bpq4gx" data-s="">
            .css-1bpq4gx {
                display: grid;
                grid-gap: var(--chakra-space-4);
                grid-template-rows: 8rem 1fr;
            }
        </style>
        <style data-emotion="css ckyhk3" data-s="">
            .css-ckyhk3 {
                display: -webkit-box;
                display: -webkit-flex;
                display: -ms-flexbox;
                display: flex;
                -webkit-box-pack: end;
                -ms-flex-pack: end;
                -webkit-justify-content: end;
                justify-content: end;
            }
        </style>
        <style data-emotion="css 1ind3v2" data-s="">
            .css-1ind3v2 {
                display: -webkit-inline-box;
                display: -webkit-inline-flex;
                display: -ms-inline-flexbox;
                display: inline-flex;
            }
            .css-1ind3v2 > *:not(style) ~ *:not(style) {
                -webkit-margin-start: 0.5rem;
                margin-inline-start: 0.5rem;
            }
        </style>
        <style data-emotion="css niwogb" data-s="">
            .css-niwogb {
                color: var(--chakra-colors-black);
            }
        </style>
        <style data-emotion="css 1lbuwe" data-s="">
            .css-1lbuwe {
                display: -webkit-inline-box;
                display: -webkit-inline-flex;
                display: -ms-inline-flexbox;
                display: inline-flex;
                -webkit-appearance: none;
                -moz-appearance: none;
                -ms-appearance: none;
                appearance: none;
                -webkit-align-items: center;
                -webkit-box-align: center;
                -ms-flex-align: center;
                align-items: center;
                -webkit-box-pack: center;
                -ms-flex-pack: center;
                -webkit-justify-content: center;
                justify-content: center;
                -webkit-user-select: none;
                -moz-user-select: none;
                -ms-user-select: none;
                user-select: none;
                position: relative;
                white-space: nowrap;
                vertical-align: middle;
                outline: 2px solid transparent;
                outline-offset: 2px;
                line-height: 1.2;
                border-radius: var(--chakra-radii-md);
                font-weight: var(--chakra-fontWeights-semibold);
                transition-property: var(--chakra-transition-property-common);
                transition-duration: var(--chakra-transition-duration-normal);
                height: var(--chakra-sizes-8);
                min-width: var(--chakra-sizes-8);
                font-size: var(--chakra-fontSizes-sm);
                background: var(--chakra-colors-light-500);
                color: var(--chakra-colors-white);
                -webkit-padding-start: 0px;
                padding-inline-start: 0px;
                -webkit-padding-end: 0px;
                padding-inline-end: 0px;
                padding-top: 0px;
                padding-bottom: 0px;
                color: var(--chakra-colors-black);
            }
            .css-1lbuwe:focus-visible,
            .css-1lbuwe[data-focus-visible] {
                box-shadow: var(--chakra-shadows-outline);
            }
            .css-1lbuwe:disabled,
            .css-1lbuwe[disabled],
            .css-1lbuwe[aria-disabled="true"],
            .css-1lbuwe[data-disabled] {
                opacity: 0.4;
                cursor: not-allowed;
                box-shadow: var(--chakra-shadows-none);
            }
            .css-1lbuwe:hover,
            .css-1lbuwe[data-hover] {
                background: var(--chakra-colors-light-600);
            }
            .css-1lbuwe:hover:disabled,
            .css-1lbuwe[data-hover]:disabled,
            .css-1lbuwe:hover[disabled],
            .css-1lbuwe[data-hover][disabled],
            .css-1lbuwe:hover[aria-disabled="true"],
            .css-1lbuwe[data-hover][aria-disabled="true"],
            .css-1lbuwe:hover[data-disabled],
            .css-1lbuwe[data-hover][data-disabled] {
                background: var(--chakra-colors-light-500);
            }
            .css-1lbuwe:active,
            .css-1lbuwe[data-active] {
                background: var(--chakra-colors-light-700);
            }
            .css-1lbuwe:focus,
            .css-1lbuwe[data-focus] {
                z-index: 1;
            }
        </style>
        <style data-emotion="css o2ldmt" data-s="">
            .css-o2ldmt {
                display: -webkit-box;
                display: -webkit-flex;
                display: -ms-flexbox;
                display: flex;
                -webkit-flex-direction: column;
                -ms-flex-direction: column;
                flex-direction: column;
                gap: var(--chakra-space-0-5);
            }
        </style>
        <style data-emotion="css pbtft" data-s="">
            .css-pbtft {
                font-size: var(--chakra-fontSizes-sm);
                overflow: hidden;
                text-overflow: ellipsis;
                display: -webkit-box;
                -webkit-box-orient: vertical;
                -webkit-line-clamp: var(--chakra-line-clamp);
                --chakra-line-clamp: 3;
            }
        </style>
        <style data-emotion="css w6ttxb" data-s="">
            .css-w6ttxb {
                font-size: var(--chakra-fontSizes-sm);
                color: gray;
            }
        </style>
        <style data-emotion="css 1poqvke" data-s="">
            .css-1poqvke {
                grid-area: price;
                gap: var(--chakra-space-1);
            }
        </style>
        <style data-emotion="css zibc0q" data-s="">
            .css-zibc0q {
                display: grid;
                grid-area: price;
                gap: var(--chakra-space-1);
            }
        </style>
        <style data-emotion="css j6qzfh" data-s="">
            .css-j6qzfh {
                display: -webkit-box;
                display: -webkit-flex;
                display: -ms-flexbox;
                display: flex;
                -webkit-box-flex-wrap: wrap;
                -webkit-flex-wrap: wrap;
                -ms-flex-wrap: wrap;
                flex-wrap: wrap;
                -webkit-column-gap: var(--chakra-space-1);
                column-gap: var(--chakra-space-1);
                row-gap: 0px;
                -webkit-align-items: center;
                -webkit-box-align: center;
                -ms-flex-align: center;
                align-items: center;
            }
        </style>
        <style data-emotion="css 1vhzs63" data-s="">
            .css-1vhzs63 {
                font-size: var(--chakra-fontSizes-sm);
                color: var(--chakra-colors-black);
            }
        </style>
        <style data-emotion="css ff7g47" data-s="">
            .css-ff7g47 {
                display: inline-block;
                white-space: nowrap;
                vertical-align: middle;
                -webkit-padding-start: var(--chakra-space-1);
                padding-inline-start: var(--chakra-space-1);
                -webkit-padding-end: var(--chakra-space-1);
                padding-inline-end: var(--chakra-space-1);
                text-transform: uppercase;
                font-size: var(--chakra-fontSizes-xs);
                border-radius: var(--chakra-radii-sm);
                background: var(--badge-bg);
                color: var(--badge-color);
                box-shadow: var(--badge-shadow);
                --badge-bg: var(--chakra-colors-blackAlpha-100);
                --badge-color: var(--chakra-colors-blackAlpha-800);
                font-weight: var(--chakra-fontWeights-bold);
            }
            .chakra-ui-dark .css-ff7g47:not([data-theme]),
            [data-theme="dark"] .css-ff7g47:not([data-theme]),
            .css-ff7g47[data-theme="dark"] {
                --badge-bg: rgba(0, 0, 0, 0);
                --badge-color: var(--chakra-colors-blackAlpha-200);
            }
        </style>
        <style data-emotion="css" data-s=""></style>
        <link
            rel="preload"
            href="/_next/static/media/4f12d385177b76b0-s.p.woff2"
            as="font"
            crossorigin=""
            type="font/woff2"
        />
        <link
            rel="preload"
            href="/_next/static/media/a723ac35f13bee49-s.p.woff2"
            as="font"
            crossorigin=""
            type="font/woff2"
        />
        <link
            rel="preload"
            href="/_next/static/media/aaff1096aab8d1ce-s.p.woff2"
            as="font"
            crossorigin=""
            type="font/woff2"
        />
        <link
            rel="preload"
            as="image"
            imagesrcset="/_next/image?url=%2Fimg%2Fproduct_placeholder.png&amp;w=16&amp;q=50 16w, /_next/image?url=%2Fimg%2Fproduct_placeholder.png&amp;w=32&amp;q=50 32w, /_next/image?url=%2Fimg%2Fproduct_placeholder.png&amp;w=48&amp;q=50 48w, /_next/image?url=%2Fimg%2Fproduct_placeholder.png&amp;w=64&amp;q=50 64w, /_next/image?url=%2Fimg%2Fproduct_placeholder.png&amp;w=96&amp;q=50 96w, /_next/image?url=%2Fimg%2Fproduct_placeholder.png&amp;w=128&amp;q=50 128w, /_next/image?url=%2Fimg%2Fproduct_placeholder.png&amp;w=256&amp;q=50 256w, /_next/image?url=%2Fimg%2Fproduct_placeholder.png&amp;w=384&amp;q=50 384w, /_next/image?url=%2Fimg%2Fproduct_placeholder.png&amp;w=640&amp;q=50 640w, /_next/image?url=%2Fimg%2Fproduct_placeholder.png&amp;w=750&amp;q=50 750w, /_next/image?url=%2Fimg%2Fproduct_placeholder.png&amp;w=828&amp;q=50 828w, /_next/image?url=%2Fimg%2Fproduct_placeholder.png&amp;w=1080&amp;q=50 1080w, /_next/image?url=%2Fimg%2Fproduct_placeholder.png&amp;w=1200&amp;q=50 1200w, /_next/image?url=%2Fimg%2Fproduct_placeholder.png&amp;w=1920&amp;q=50 1920w, /_next/image?url=%2Fimg%2Fproduct_placeholder.png&amp;w=2048&amp;q=50 2048w, /_next/image?url=%2Fimg%2Fproduct_placeholder.png&amp;w=3840&amp;q=50 3840w"
            imagesizes="auto"
        />
        <link
            rel="preload"
            as="image"
            imagesrcset="/_next/image?url=https%3A%2F%2Fd3tlizm80tjdt4.cloudfront.net%2Fimage%2F12274%2Fimage%2Fsm-64a4aa1bc8ce6d4a0e316c4b84cca0b9.png&amp;w=16&amp;q=50 16w, /_next/image?url=https%3A%2F%2Fd3tlizm80tjdt4.cloudfront.net%2Fimage%2F12274%2Fimage%2Fsm-64a4aa1bc8ce6d4a0e316c4b84cca0b9.png&amp;w=32&amp;q=50 32w, /_next/image?url=https%3A%2F%2Fd3tlizm80tjdt4.cloudfront.net%2Fimage%2F12274%2Fimage%2Fsm-64a4aa1bc8ce6d4a0e316c4b84cca0b9.png&amp;w=48&amp;q=50 48w, /_next/image?url=https%3A%2F%2Fd3tlizm80tjdt4.cloudfront.net%2Fimage%2F12274%2Fimage%2Fsm-64a4aa1bc8ce6d4a0e316c4b84cca0b9.png&amp;w=64&amp;q=50 64w, /_next/image?url=https%3A%2F%2Fd3tlizm80tjdt4.cloudfront.net%2Fimage%2F12274%2Fimage%2Fsm-64a4aa1bc8ce6d4a0e316c4b84cca0b9.png&amp;w=96&amp;q=50 96w, /_next/image?url=https%3A%2F%2Fd3tlizm80tjdt4.cloudfront.net%2Fimage%2F12274%2Fimage%2Fsm-64a4aa1bc8ce6d4a0e316c4b84cca0b9.png&amp;w=128&amp;q=50 128w, /_next/image?url=https%3A%2F%2Fd3tlizm80tjdt4.cloudfront.net%2Fimage%2F12274%2Fimage%2Fsm-64a4aa1bc8ce6d4a0e316c4b84cca0b9.png&amp;w=256&amp;q=50 256w, /_next/image?url=https%3A%2F%2Fd3tlizm80tjdt4.cloudfront.net%2Fimage%2F12274%2Fimage%2Fsm-64a4aa1bc8ce6d4a0e316c4b84cca0b9.png&amp;w=384&amp;q=50 384w, /_next/image?url=https%3A%2F%2Fd3tlizm80tjdt4.cloudfront.net%2Fimage%2F12274%2Fimage%2Fsm-64a4aa1bc8ce6d4a0e316c4b84cca0b9.png&amp;w=640&amp;q=50 640w, /_next/image?url=https%3A%2F%2Fd3tlizm80tjdt4.cloudfront.net%2Fimage%2F12274%2Fimage%2Fsm-64a4aa1bc8ce6d4a0e316c4b84cca0b9.png&amp;w=750&amp;q=50 750w, /_next/image?url=https%3A%2F%2Fd3tlizm80tjdt4.cloudfront.net%2Fimage%2F12274%2Fimage%2Fsm-64a4aa1bc8ce6d4a0e316c4b84cca0b9.png&amp;w=828&amp;q=50 828w, /_next/image?url=https%3A%2F%2Fd3tlizm80tjdt4.cloudfront.net%2Fimage%2F12274%2Fimage%2Fsm-64a4aa1bc8ce6d4a0e316c4b84cca0b9.png&amp;w=1080&amp;q=50 1080w, /_next/image?url=https%3A%2F%2Fd3tlizm80tjdt4.cloudfront.net%2Fimage%2F12274%2Fimage%2Fsm-64a4aa1bc8ce6d4a0e316c4b84cca0b9.png&amp;w=1200&amp;q=50 1200w, /_next/image?url=https%3A%2F%2Fd3tlizm80tjdt4.cloudfront.net%2Fimage%2F12274%2Fimage%2Fsm-64a4aa1bc8ce6d4a0e316c4b84cca0b9.png&amp;w=1920&amp;q=50 1920w, /_next/image?url=https%3A%2F%2Fd3tlizm80tjdt4.cloudfront.net%2Fimage%2F12274%2Fimage%2Fsm-64a4aa1bc8ce6d4a0e316c4b84cca0b9.png&amp;w=2048&amp;q=50 2048w, /_next/image?url=https%3A%2F%2Fd3tlizm80tjdt4.cloudfront.net%2Fimage%2F12274%2Fimage%2Fsm-64a4aa1bc8ce6d4a0e316c4b84cca0b9.png&amp;w=3840&amp;q=50 3840w"
            imagesizes="auto"
        />
        <link
            rel="preload"
            as="image"
            imagesrcset="/_next/image?url=https%3A%2F%2Fd3tlizm80tjdt4.cloudfront.net%2Fimage%2F10794%2Fimage%2Flg-618f90d84d902bbb4115a3d709264c93.png&amp;w=16&amp;q=60 16w, /_next/image?url=https%3A%2F%2Fd3tlizm80tjdt4.cloudfront.net%2Fimage%2F10794%2Fimage%2Flg-618f90d84d902bbb4115a3d709264c93.png&amp;w=32&amp;q=60 32w, /_next/image?url=https%3A%2F%2Fd3tlizm80tjdt4.cloudfront.net%2Fimage%2F10794%2Fimage%2Flg-618f90d84d902bbb4115a3d709264c93.png&amp;w=48&amp;q=60 48w, /_next/image?url=https%3A%2F%2Fd3tlizm80tjdt4.cloudfront.net%2Fimage%2F10794%2Fimage%2Flg-618f90d84d902bbb4115a3d709264c93.png&amp;w=64&amp;q=60 64w, /_next/image?url=https%3A%2F%2Fd3tlizm80tjdt4.cloudfront.net%2Fimage%2F10794%2Fimage%2Flg-618f90d84d902bbb4115a3d709264c93.png&amp;w=96&amp;q=60 96w, /_next/image?url=https%3A%2F%2Fd3tlizm80tjdt4.cloudfront.net%2Fimage%2F10794%2Fimage%2Flg-618f90d84d902bbb4115a3d709264c93.png&amp;w=128&amp;q=60 128w, /_next/image?url=https%3A%2F%2Fd3tlizm80tjdt4.cloudfront.net%2Fimage%2F10794%2Fimage%2Flg-618f90d84d902bbb4115a3d709264c93.png&amp;w=256&amp;q=60 256w, /_next/image?url=https%3A%2F%2Fd3tlizm80tjdt4.cloudfront.net%2Fimage%2F10794%2Fimage%2Flg-618f90d84d902bbb4115a3d709264c93.png&amp;w=384&amp;q=60 384w, /_next/image?url=https%3A%2F%2Fd3tlizm80tjdt4.cloudfront.net%2Fimage%2F10794%2Fimage%2Flg-618f90d84d902bbb4115a3d709264c93.png&amp;w=640&amp;q=60 640w, /_next/image?url=https%3A%2F%2Fd3tlizm80tjdt4.cloudfront.net%2Fimage%2F10794%2Fimage%2Flg-618f90d84d902bbb4115a3d709264c93.png&amp;w=750&amp;q=60 750w, /_next/image?url=https%3A%2F%2Fd3tlizm80tjdt4.cloudfront.net%2Fimage%2F10794%2Fimage%2Flg-618f90d84d902bbb4115a3d709264c93.png&amp;w=828&amp;q=60 828w, /_next/image?url=https%3A%2F%2Fd3tlizm80tjdt4.cloudfront.net%2Fimage%2F10794%2Fimage%2Flg-618f90d84d902bbb4115a3d709264c93.png&amp;w=1080&amp;q=60 1080w, /_next/image?url=https%3A%2F%2Fd3tlizm80tjdt4.cloudfront.net%2Fimage%2F10794%2Fimage%2Flg-618f90d84d902bbb4115a3d709264c93.png&amp;w=1200&amp;q=60 1200w, /_next/image?url=https%3A%2F%2Fd3tlizm80tjdt4.cloudfront.net%2Fimage%2F10794%2Fimage%2Flg-618f90d84d902bbb4115a3d709264c93.png&amp;w=1920&amp;q=60 1920w, /_next/image?url=https%3A%2F%2Fd3tlizm80tjdt4.cloudfront.net%2Fimage%2F10794%2Fimage%2Flg-618f90d84d902bbb4115a3d709264c93.png&amp;w=2048&amp;q=60 2048w, /_next/image?url=https%3A%2F%2Fd3tlizm80tjdt4.cloudfront.net%2Fimage%2F10794%2Fimage%2Flg-618f90d84d902bbb4115a3d709264c93.png&amp;w=3840&amp;q=60 3840w"
            imagesizes="auto"
        />
        <link
            rel="preload"
            as="image"
            imagesrcset="/_next/image?url=https%3A%2F%2Fd3tlizm80tjdt4.cloudfront.net%2Fimage%2F5982%2Fimage%2Flg-62a9aa53da1f956602baf419abdce8ba.jpg&amp;w=16&amp;q=60 16w, /_next/image?url=https%3A%2F%2Fd3tlizm80tjdt4.cloudfront.net%2Fimage%2F5982%2Fimage%2Flg-62a9aa53da1f956602baf419abdce8ba.jpg&amp;w=32&amp;q=60 32w, /_next/image?url=https%3A%2F%2Fd3tlizm80tjdt4.cloudfront.net%2Fimage%2F5982%2Fimage%2Flg-62a9aa53da1f956602baf419abdce8ba.jpg&amp;w=48&amp;q=60 48w, /_next/image?url=https%3A%2F%2Fd3tlizm80tjdt4.cloudfront.net%2Fimage%2F5982%2Fimage%2Flg-62a9aa53da1f956602baf419abdce8ba.jpg&amp;w=64&amp;q=60 64w, /_next/image?url=https%3A%2F%2Fd3tlizm80tjdt4.cloudfront.net%2Fimage%2F5982%2Fimage%2Flg-62a9aa53da1f956602baf419abdce8ba.jpg&amp;w=96&amp;q=60 96w, /_next/image?url=https%3A%2F%2Fd3tlizm80tjdt4.cloudfront.net%2Fimage%2F5982%2Fimage%2Flg-62a9aa53da1f956602baf419abdce8ba.jpg&amp;w=128&amp;q=60 128w, /_next/image?url=https%3A%2F%2Fd3tlizm80tjdt4.cloudfront.net%2Fimage%2F5982%2Fimage%2Flg-62a9aa53da1f956602baf419abdce8ba.jpg&amp;w=256&amp;q=60 256w, /_next/image?url=https%3A%2F%2Fd3tlizm80tjdt4.cloudfront.net%2Fimage%2F5982%2Fimage%2Flg-62a9aa53da1f956602baf419abdce8ba.jpg&amp;w=384&amp;q=60 384w, /_next/image?url=https%3A%2F%2Fd3tlizm80tjdt4.cloudfront.net%2Fimage%2F5982%2Fimage%2Flg-62a9aa53da1f956602baf419abdce8ba.jpg&amp;w=640&amp;q=60 640w, /_next/image?url=https%3A%2F%2Fd3tlizm80tjdt4.cloudfront.net%2Fimage%2F5982%2Fimage%2Flg-62a9aa53da1f956602baf419abdce8ba.jpg&amp;w=750&amp;q=60 750w, /_next/image?url=https%3A%2F%2Fd3tlizm80tjdt4.cloudfront.net%2Fimage%2F5982%2Fimage%2Flg-62a9aa53da1f956602baf419abdce8ba.jpg&amp;w=828&amp;q=60 828w, /_next/image?url=https%3A%2F%2Fd3tlizm80tjdt4.cloudfront.net%2Fimage%2F5982%2Fimage%2Flg-62a9aa53da1f956602baf419abdce8ba.jpg&amp;w=1080&amp;q=60 1080w, /_next/image?url=https%3A%2F%2Fd3tlizm80tjdt4.cloudfront.net%2Fimage%2F5982%2Fimage%2Flg-62a9aa53da1f956602baf419abdce8ba.jpg&amp;w=1200&amp;q=60 1200w, /_next/image?url=https%3A%2F%2Fd3tlizm80tjdt4.cloudfront.net%2Fimage%2F5982%2Fimage%2Flg-62a9aa53da1f956602baf419abdce8ba.jpg&amp;w=1920&amp;q=60 1920w, /_next/image?url=https%3A%2F%2Fd3tlizm80tjdt4.cloudfront.net%2Fimage%2F5982%2Fimage%2Flg-62a9aa53da1f956602baf419abdce8ba.jpg&amp;w=2048&amp;q=60 2048w, /_next/image?url=https%3A%2F%2Fd3tlizm80tjdt4.cloudfront.net%2Fimage%2F5982%2Fimage%2Flg-62a9aa53da1f956602baf419abdce8ba.jpg&amp;w=3840&amp;q=60 3840w"
            imagesizes="auto"
        />
        <link
            rel="preload"
            as="image"
            imagesrcset="/_next/image?url=https%3A%2F%2Fd3tlizm80tjdt4.cloudfront.net%2Fremote_images%2Fimage%2F7674%2Fsmall%2Fd6f2f5e1dcdf0874f7bfedc969aead3f8aa0af8033196b2d75.jpg&amp;w=16&amp;q=50 16w, /_next/image?url=https%3A%2F%2Fd3tlizm80tjdt4.cloudfront.net%2Fremote_images%2Fimage%2F7674%2Fsmall%2Fd6f2f5e1dcdf0874f7bfedc969aead3f8aa0af8033196b2d75.jpg&amp;w=32&amp;q=50 32w, /_next/image?url=https%3A%2F%2Fd3tlizm80tjdt4.cloudfront.net%2Fremote_images%2Fimage%2F7674%2Fsmall%2Fd6f2f5e1dcdf0874f7bfedc969aead3f8aa0af8033196b2d75.jpg&amp;w=48&amp;q=50 48w, /_next/image?url=https%3A%2F%2Fd3tlizm80tjdt4.cloudfront.net%2Fremote_images%2Fimage%2F7674%2Fsmall%2Fd6f2f5e1dcdf0874f7bfedc969aead3f8aa0af8033196b2d75.jpg&amp;w=64&amp;q=50 64w, /_next/image?url=https%3A%2F%2Fd3tlizm80tjdt4.cloudfront.net%2Fremote_images%2Fimage%2F7674%2Fsmall%2Fd6f2f5e1dcdf0874f7bfedc969aead3f8aa0af8033196b2d75.jpg&amp;w=96&amp;q=50 96w, /_next/image?url=https%3A%2F%2Fd3tlizm80tjdt4.cloudfront.net%2Fremote_images%2Fimage%2F7674%2Fsmall%2Fd6f2f5e1dcdf0874f7bfedc969aead3f8aa0af8033196b2d75.jpg&amp;w=128&amp;q=50 128w, /_next/image?url=https%3A%2F%2Fd3tlizm80tjdt4.cloudfront.net%2Fremote_images%2Fimage%2F7674%2Fsmall%2Fd6f2f5e1dcdf0874f7bfedc969aead3f8aa0af8033196b2d75.jpg&amp;w=256&amp;q=50 256w, /_next/image?url=https%3A%2F%2Fd3tlizm80tjdt4.cloudfront.net%2Fremote_images%2Fimage%2F7674%2Fsmall%2Fd6f2f5e1dcdf0874f7bfedc969aead3f8aa0af8033196b2d75.jpg&amp;w=384&amp;q=50 384w, /_next/image?url=https%3A%2F%2Fd3tlizm80tjdt4.cloudfront.net%2Fremote_images%2Fimage%2F7674%2Fsmall%2Fd6f2f5e1dcdf0874f7bfedc969aead3f8aa0af8033196b2d75.jpg&amp;w=640&amp;q=50 640w, /_next/image?url=https%3A%2F%2Fd3tlizm80tjdt4.cloudfront.net%2Fremote_images%2Fimage%2F7674%2Fsmall%2Fd6f2f5e1dcdf0874f7bfedc969aead3f8aa0af8033196b2d75.jpg&amp;w=750&amp;q=50 750w, /_next/image?url=https%3A%2F%2Fd3tlizm80tjdt4.cloudfront.net%2Fremote_images%2Fimage%2F7674%2Fsmall%2Fd6f2f5e1dcdf0874f7bfedc969aead3f8aa0af8033196b2d75.jpg&amp;w=828&amp;q=50 828w, /_next/image?url=https%3A%2F%2Fd3tlizm80tjdt4.cloudfront.net%2Fremote_images%2Fimage%2F7674%2Fsmall%2Fd6f2f5e1dcdf0874f7bfedc969aead3f8aa0af8033196b2d75.jpg&amp;w=1080&amp;q=50 1080w, /_next/image?url=https%3A%2F%2Fd3tlizm80tjdt4.cloudfront.net%2Fremote_images%2Fimage%2F7674%2Fsmall%2Fd6f2f5e1dcdf0874f7bfedc969aead3f8aa0af8033196b2d75.jpg&amp;w=1200&amp;q=50 1200w, /_next/image?url=https%3A%2F%2Fd3tlizm80tjdt4.cloudfront.net%2Fremote_images%2Fimage%2F7674%2Fsmall%2Fd6f2f5e1dcdf0874f7bfedc969aead3f8aa0af8033196b2d75.jpg&amp;w=1920&amp;q=50 1920w, /_next/image?url=https%3A%2F%2Fd3tlizm80tjdt4.cloudfront.net%2Fremote_images%2Fimage%2F7674%2Fsmall%2Fd6f2f5e1dcdf0874f7bfedc969aead3f8aa0af8033196b2d75.jpg&amp;w=2048&amp;q=50 2048w, /_next/image?url=https%3A%2F%2Fd3tlizm80tjdt4.cloudfront.net%2Fremote_images%2Fimage%2F7674%2Fsmall%2Fd6f2f5e1dcdf0874f7bfedc969aead3f8aa0af8033196b2d75.jpg&amp;w=3840&amp;q=50 3840w"
            imagesizes="auto"
        />
        <link
            rel="preload"
            as="image"
            imagesrcset="/_next/image?url=https%3A%2F%2Fd3tlizm80tjdt4.cloudfront.net%2Fremote_images%2Fimage%2F9657%2Fsmall%2F5ab654f51d8f2e0ef8a931a3ab768ea564c152a1904483a59b.jpg&amp;w=16&amp;q=50 16w, /_next/image?url=https%3A%2F%2Fd3tlizm80tjdt4.cloudfront.net%2Fremote_images%2Fimage%2F9657%2Fsmall%2F5ab654f51d8f2e0ef8a931a3ab768ea564c152a1904483a59b.jpg&amp;w=32&amp;q=50 32w, /_next/image?url=https%3A%2F%2Fd3tlizm80tjdt4.cloudfront.net%2Fremote_images%2Fimage%2F9657%2Fsmall%2F5ab654f51d8f2e0ef8a931a3ab768ea564c152a1904483a59b.jpg&amp;w=48&amp;q=50 48w, /_next/image?url=https%3A%2F%2Fd3tlizm80tjdt4.cloudfront.net%2Fremote_images%2Fimage%2F9657%2Fsmall%2F5ab654f51d8f2e0ef8a931a3ab768ea564c152a1904483a59b.jpg&amp;w=64&amp;q=50 64w, /_next/image?url=https%3A%2F%2Fd3tlizm80tjdt4.cloudfront.net%2Fremote_images%2Fimage%2F9657%2Fsmall%2F5ab654f51d8f2e0ef8a931a3ab768ea564c152a1904483a59b.jpg&amp;w=96&amp;q=50 96w, /_next/image?url=https%3A%2F%2Fd3tlizm80tjdt4.cloudfront.net%2Fremote_images%2Fimage%2F9657%2Fsmall%2F5ab654f51d8f2e0ef8a931a3ab768ea564c152a1904483a59b.jpg&amp;w=128&amp;q=50 128w, /_next/image?url=https%3A%2F%2Fd3tlizm80tjdt4.cloudfront.net%2Fremote_images%2Fimage%2F9657%2Fsmall%2F5ab654f51d8f2e0ef8a931a3ab768ea564c152a1904483a59b.jpg&amp;w=256&amp;q=50 256w, /_next/image?url=https%3A%2F%2Fd3tlizm80tjdt4.cloudfront.net%2Fremote_images%2Fimage%2F9657%2Fsmall%2F5ab654f51d8f2e0ef8a931a3ab768ea564c152a1904483a59b.jpg&amp;w=384&amp;q=50 384w, /_next/image?url=https%3A%2F%2Fd3tlizm80tjdt4.cloudfront.net%2Fremote_images%2Fimage%2F9657%2Fsmall%2F5ab654f51d8f2e0ef8a931a3ab768ea564c152a1904483a59b.jpg&amp;w=640&amp;q=50 640w, /_next/image?url=https%3A%2F%2Fd3tlizm80tjdt4.cloudfront.net%2Fremote_images%2Fimage%2F9657%2Fsmall%2F5ab654f51d8f2e0ef8a931a3ab768ea564c152a1904483a59b.jpg&amp;w=750&amp;q=50 750w, /_next/image?url=https%3A%2F%2Fd3tlizm80tjdt4.cloudfront.net%2Fremote_images%2Fimage%2F9657%2Fsmall%2F5ab654f51d8f2e0ef8a931a3ab768ea564c152a1904483a59b.jpg&amp;w=828&amp;q=50 828w, /_next/image?url=https%3A%2F%2Fd3tlizm80tjdt4.cloudfront.net%2Fremote_images%2Fimage%2F9657%2Fsmall%2F5ab654f51d8f2e0ef8a931a3ab768ea564c152a1904483a59b.jpg&amp;w=1080&amp;q=50 1080w, /_next/image?url=https%3A%2F%2Fd3tlizm80tjdt4.cloudfront.net%2Fremote_images%2Fimage%2F9657%2Fsmall%2F5ab654f51d8f2e0ef8a931a3ab768ea564c152a1904483a59b.jpg&amp;w=1200&amp;q=50 1200w, /_next/image?url=https%3A%2F%2Fd3tlizm80tjdt4.cloudfront.net%2Fremote_images%2Fimage%2F9657%2Fsmall%2F5ab654f51d8f2e0ef8a931a3ab768ea564c152a1904483a59b.jpg&amp;w=1920&amp;q=50 1920w, /_next/image?url=https%3A%2F%2Fd3tlizm80tjdt4.cloudfront.net%2Fremote_images%2Fimage%2F9657%2Fsmall%2F5ab654f51d8f2e0ef8a931a3ab768ea564c152a1904483a59b.jpg&amp;w=2048&amp;q=50 2048w, /_next/image?url=https%3A%2F%2Fd3tlizm80tjdt4.cloudfront.net%2Fremote_images%2Fimage%2F9657%2Fsmall%2F5ab654f51d8f2e0ef8a931a3ab768ea564c152a1904483a59b.jpg&amp;w=3840&amp;q=50 3840w"
            imagesizes="auto"
        />
        <link
            rel="preload"
            as="image"
            imagesrcset="/_next/image?url=https%3A%2F%2Fd3tlizm80tjdt4.cloudfront.net%2Fremote_images%2Fimage%2F9503%2Fsmall%2Fc20e0679de38f6e24091a6d1a19b28f6ec8d244a5fb5adbe48.jpg&amp;w=16&amp;q=50 16w, /_next/image?url=https%3A%2F%2Fd3tlizm80tjdt4.cloudfront.net%2Fremote_images%2Fimage%2F9503%2Fsmall%2Fc20e0679de38f6e24091a6d1a19b28f6ec8d244a5fb5adbe48.jpg&amp;w=32&amp;q=50 32w, /_next/image?url=https%3A%2F%2Fd3tlizm80tjdt4.cloudfront.net%2Fremote_images%2Fimage%2F9503%2Fsmall%2Fc20e0679de38f6e24091a6d1a19b28f6ec8d244a5fb5adbe48.jpg&amp;w=48&amp;q=50 48w, /_next/image?url=https%3A%2F%2Fd3tlizm80tjdt4.cloudfront.net%2Fremote_images%2Fimage%2F9503%2Fsmall%2Fc20e0679de38f6e24091a6d1a19b28f6ec8d244a5fb5adbe48.jpg&amp;w=64&amp;q=50 64w, /_next/image?url=https%3A%2F%2Fd3tlizm80tjdt4.cloudfront.net%2Fremote_images%2Fimage%2F9503%2Fsmall%2Fc20e0679de38f6e24091a6d1a19b28f6ec8d244a5fb5adbe48.jpg&amp;w=96&amp;q=50 96w, /_next/image?url=https%3A%2F%2Fd3tlizm80tjdt4.cloudfront.net%2Fremote_images%2Fimage%2F9503%2Fsmall%2Fc20e0679de38f6e24091a6d1a19b28f6ec8d244a5fb5adbe48.jpg&amp;w=128&amp;q=50 128w, /_next/image?url=https%3A%2F%2Fd3tlizm80tjdt4.cloudfront.net%2Fremote_images%2Fimage%2F9503%2Fsmall%2Fc20e0679de38f6e24091a6d1a19b28f6ec8d244a5fb5adbe48.jpg&amp;w=256&amp;q=50 256w, /_next/image?url=https%3A%2F%2Fd3tlizm80tjdt4.cloudfront.net%2Fremote_images%2Fimage%2F9503%2Fsmall%2Fc20e0679de38f6e24091a6d1a19b28f6ec8d244a5fb5adbe48.jpg&amp;w=384&amp;q=50 384w, /_next/image?url=https%3A%2F%2Fd3tlizm80tjdt4.cloudfront.net%2Fremote_images%2Fimage%2F9503%2Fsmall%2Fc20e0679de38f6e24091a6d1a19b28f6ec8d244a5fb5adbe48.jpg&amp;w=640&amp;q=50 640w, /_next/image?url=https%3A%2F%2Fd3tlizm80tjdt4.cloudfront.net%2Fremote_images%2Fimage%2F9503%2Fsmall%2Fc20e0679de38f6e24091a6d1a19b28f6ec8d244a5fb5adbe48.jpg&amp;w=750&amp;q=50 750w, /_next/image?url=https%3A%2F%2Fd3tlizm80tjdt4.cloudfront.net%2Fremote_images%2Fimage%2F9503%2Fsmall%2Fc20e0679de38f6e24091a6d1a19b28f6ec8d244a5fb5adbe48.jpg&amp;w=828&amp;q=50 828w, /_next/image?url=https%3A%2F%2Fd3tlizm80tjdt4.cloudfront.net%2Fremote_images%2Fimage%2F9503%2Fsmall%2Fc20e0679de38f6e24091a6d1a19b28f6ec8d244a5fb5adbe48.jpg&amp;w=1080&amp;q=50 1080w, /_next/image?url=https%3A%2F%2Fd3tlizm80tjdt4.cloudfront.net%2Fremote_images%2Fimage%2F9503%2Fsmall%2Fc20e0679de38f6e24091a6d1a19b28f6ec8d244a5fb5adbe48.jpg&amp;w=1200&amp;q=50 1200w, /_next/image?url=https%3A%2F%2Fd3tlizm80tjdt4.cloudfront.net%2Fremote_images%2Fimage%2F9503%2Fsmall%2Fc20e0679de38f6e24091a6d1a19b28f6ec8d244a5fb5adbe48.jpg&amp;w=1920&amp;q=50 1920w, /_next/image?url=https%3A%2F%2Fd3tlizm80tjdt4.cloudfront.net%2Fremote_images%2Fimage%2F9503%2Fsmall%2Fc20e0679de38f6e24091a6d1a19b28f6ec8d244a5fb5adbe48.jpg&amp;w=2048&amp;q=50 2048w, /_next/image?url=https%3A%2F%2Fd3tlizm80tjdt4.cloudfront.net%2Fremote_images%2Fimage%2F9503%2Fsmall%2Fc20e0679de38f6e24091a6d1a19b28f6ec8d244a5fb5adbe48.jpg&amp;w=3840&amp;q=50 3840w"
            imagesizes="auto"
        />
        <link
            rel="preload"
            as="image"
            imagesrcset="/_next/image?url=https%3A%2F%2Fd3tlizm80tjdt4.cloudfront.net%2Fremote_images%2Fimage%2F14101%2Fsmall%2F59becfe7880750956b1c39a81e7f2bfef3437a4b464a2f5a69.jpg&amp;w=16&amp;q=50 16w, /_next/image?url=https%3A%2F%2Fd3tlizm80tjdt4.cloudfront.net%2Fremote_images%2Fimage%2F14101%2Fsmall%2F59becfe7880750956b1c39a81e7f2bfef3437a4b464a2f5a69.jpg&amp;w=32&amp;q=50 32w, /_next/image?url=https%3A%2F%2Fd3tlizm80tjdt4.cloudfront.net%2Fremote_images%2Fimage%2F14101%2Fsmall%2F59becfe7880750956b1c39a81e7f2bfef3437a4b464a2f5a69.jpg&amp;w=48&amp;q=50 48w, /_next/image?url=https%3A%2F%2Fd3tlizm80tjdt4.cloudfront.net%2Fremote_images%2Fimage%2F14101%2Fsmall%2F59becfe7880750956b1c39a81e7f2bfef3437a4b464a2f5a69.jpg&amp;w=64&amp;q=50 64w, /_next/image?url=https%3A%2F%2Fd3tlizm80tjdt4.cloudfront.net%2Fremote_images%2Fimage%2F14101%2Fsmall%2F59becfe7880750956b1c39a81e7f2bfef3437a4b464a2f5a69.jpg&amp;w=96&amp;q=50 96w, /_next/image?url=https%3A%2F%2Fd3tlizm80tjdt4.cloudfront.net%2Fremote_images%2Fimage%2F14101%2Fsmall%2F59becfe7880750956b1c39a81e7f2bfef3437a4b464a2f5a69.jpg&amp;w=128&amp;q=50 128w, /_next/image?url=https%3A%2F%2Fd3tlizm80tjdt4.cloudfront.net%2Fremote_images%2Fimage%2F14101%2Fsmall%2F59becfe7880750956b1c39a81e7f2bfef3437a4b464a2f5a69.jpg&amp;w=256&amp;q=50 256w, /_next/image?url=https%3A%2F%2Fd3tlizm80tjdt4.cloudfront.net%2Fremote_images%2Fimage%2F14101%2Fsmall%2F59becfe7880750956b1c39a81e7f2bfef3437a4b464a2f5a69.jpg&amp;w=384&amp;q=50 384w, /_next/image?url=https%3A%2F%2Fd3tlizm80tjdt4.cloudfront.net%2Fremote_images%2Fimage%2F14101%2Fsmall%2F59becfe7880750956b1c39a81e7f2bfef3437a4b464a2f5a69.jpg&amp;w=640&amp;q=50 640w, /_next/image?url=https%3A%2F%2Fd3tlizm80tjdt4.cloudfront.net%2Fremote_images%2Fimage%2F14101%2Fsmall%2F59becfe7880750956b1c39a81e7f2bfef3437a4b464a2f5a69.jpg&amp;w=750&amp;q=50 750w, /_next/image?url=https%3A%2F%2Fd3tlizm80tjdt4.cloudfront.net%2Fremote_images%2Fimage%2F14101%2Fsmall%2F59becfe7880750956b1c39a81e7f2bfef3437a4b464a2f5a69.jpg&amp;w=828&amp;q=50 828w, /_next/image?url=https%3A%2F%2Fd3tlizm80tjdt4.cloudfront.net%2Fremote_images%2Fimage%2F14101%2Fsmall%2F59becfe7880750956b1c39a81e7f2bfef3437a4b464a2f5a69.jpg&amp;w=1080&amp;q=50 1080w, /_next/image?url=https%3A%2F%2Fd3tlizm80tjdt4.cloudfront.net%2Fremote_images%2Fimage%2F14101%2Fsmall%2F59becfe7880750956b1c39a81e7f2bfef3437a4b464a2f5a69.jpg&amp;w=1200&amp;q=50 1200w, /_next/image?url=https%3A%2F%2Fd3tlizm80tjdt4.cloudfront.net%2Fremote_images%2Fimage%2F14101%2Fsmall%2F59becfe7880750956b1c39a81e7f2bfef3437a4b464a2f5a69.jpg&amp;w=1920&amp;q=50 1920w, /_next/image?url=https%3A%2F%2Fd3tlizm80tjdt4.cloudfront.net%2Fremote_images%2Fimage%2F14101%2Fsmall%2F59becfe7880750956b1c39a81e7f2bfef3437a4b464a2f5a69.jpg&amp;w=2048&amp;q=50 2048w, /_next/image?url=https%3A%2F%2Fd3tlizm80tjdt4.cloudfront.net%2Fremote_images%2Fimage%2F14101%2Fsmall%2F59becfe7880750956b1c39a81e7f2bfef3437a4b464a2f5a69.jpg&amp;w=3840&amp;q=50 3840w"
            imagesizes="auto"
        />
        <link
            rel="preload"
            as="image"
            imagesrcset="/_next/image?url=https%3A%2F%2Fd3tlizm80tjdt4.cloudfront.net%2Fimage%2F3523%2Fimage%2Flg-90fd6ac8b80a54f0d88d5efcfa684530.jpg&amp;w=16&amp;q=60 16w, /_next/image?url=https%3A%2F%2Fd3tlizm80tjdt4.cloudfront.net%2Fimage%2F3523%2Fimage%2Flg-90fd6ac8b80a54f0d88d5efcfa684530.jpg&amp;w=32&amp;q=60 32w, /_next/image?url=https%3A%2F%2Fd3tlizm80tjdt4.cloudfront.net%2Fimage%2F3523%2Fimage%2Flg-90fd6ac8b80a54f0d88d5efcfa684530.jpg&amp;w=48&amp;q=60 48w, /_next/image?url=https%3A%2F%2Fd3tlizm80tjdt4.cloudfront.net%2Fimage%2F3523%2Fimage%2Flg-90fd6ac8b80a54f0d88d5efcfa684530.jpg&amp;w=64&amp;q=60 64w, /_next/image?url=https%3A%2F%2Fd3tlizm80tjdt4.cloudfront.net%2Fimage%2F3523%2Fimage%2Flg-90fd6ac8b80a54f0d88d5efcfa684530.jpg&amp;w=96&amp;q=60 96w, /_next/image?url=https%3A%2F%2Fd3tlizm80tjdt4.cloudfront.net%2Fimage%2F3523%2Fimage%2Flg-90fd6ac8b80a54f0d88d5efcfa684530.jpg&amp;w=128&amp;q=60 128w, /_next/image?url=https%3A%2F%2Fd3tlizm80tjdt4.cloudfront.net%2Fimage%2F3523%2Fimage%2Flg-90fd6ac8b80a54f0d88d5efcfa684530.jpg&amp;w=256&amp;q=60 256w, /_next/image?url=https%3A%2F%2Fd3tlizm80tjdt4.cloudfront.net%2Fimage%2F3523%2Fimage%2Flg-90fd6ac8b80a54f0d88d5efcfa684530.jpg&amp;w=384&amp;q=60 384w, /_next/image?url=https%3A%2F%2Fd3tlizm80tjdt4.cloudfront.net%2Fimage%2F3523%2Fimage%2Flg-90fd6ac8b80a54f0d88d5efcfa684530.jpg&amp;w=640&amp;q=60 640w, /_next/image?url=https%3A%2F%2Fd3tlizm80tjdt4.cloudfront.net%2Fimage%2F3523%2Fimage%2Flg-90fd6ac8b80a54f0d88d5efcfa684530.jpg&amp;w=750&amp;q=60 750w, /_next/image?url=https%3A%2F%2Fd3tlizm80tjdt4.cloudfront.net%2Fimage%2F3523%2Fimage%2Flg-90fd6ac8b80a54f0d88d5efcfa684530.jpg&amp;w=828&amp;q=60 828w, /_next/image?url=https%3A%2F%2Fd3tlizm80tjdt4.cloudfront.net%2Fimage%2F3523%2Fimage%2Flg-90fd6ac8b80a54f0d88d5efcfa684530.jpg&amp;w=1080&amp;q=60 1080w, /_next/image?url=https%3A%2F%2Fd3tlizm80tjdt4.cloudfront.net%2Fimage%2F3523%2Fimage%2Flg-90fd6ac8b80a54f0d88d5efcfa684530.jpg&amp;w=1200&amp;q=60 1200w, /_next/image?url=https%3A%2F%2Fd3tlizm80tjdt4.cloudfront.net%2Fimage%2F3523%2Fimage%2Flg-90fd6ac8b80a54f0d88d5efcfa684530.jpg&amp;w=1920&amp;q=60 1920w, /_next/image?url=https%3A%2F%2Fd3tlizm80tjdt4.cloudfront.net%2Fimage%2F3523%2Fimage%2Flg-90fd6ac8b80a54f0d88d5efcfa684530.jpg&amp;w=2048&amp;q=60 2048w, /_next/image?url=https%3A%2F%2Fd3tlizm80tjdt4.cloudfront.net%2Fimage%2F3523%2Fimage%2Flg-90fd6ac8b80a54f0d88d5efcfa684530.jpg&amp;w=3840&amp;q=60 3840w"
            imagesizes="auto"
        />
        <link
            rel="preload"
            as="image"
            imagesrcset="/_next/image?url=https%3A%2F%2Fd3tlizm80tjdt4.cloudfront.net%2Fimage%2F17990%2Fimage%2Fsm-83f15352ef57aee10ecf9f5eacd4c835.png&amp;w=16&amp;q=50 16w, /_next/image?url=https%3A%2F%2Fd3tlizm80tjdt4.cloudfront.net%2Fimage%2F17990%2Fimage%2Fsm-83f15352ef57aee10ecf9f5eacd4c835.png&amp;w=32&amp;q=50 32w, /_next/image?url=https%3A%2F%2Fd3tlizm80tjdt4.cloudfront.net%2Fimage%2F17990%2Fimage%2Fsm-83f15352ef57aee10ecf9f5eacd4c835.png&amp;w=48&amp;q=50 48w, /_next/image?url=https%3A%2F%2Fd3tlizm80tjdt4.cloudfront.net%2Fimage%2F17990%2Fimage%2Fsm-83f15352ef57aee10ecf9f5eacd4c835.png&amp;w=64&amp;q=50 64w, /_next/image?url=https%3A%2F%2Fd3tlizm80tjdt4.cloudfront.net%2Fimage%2F17990%2Fimage%2Fsm-83f15352ef57aee10ecf9f5eacd4c835.png&amp;w=96&amp;q=50 96w, /_next/image?url=https%3A%2F%2Fd3tlizm80tjdt4.cloudfront.net%2Fimage%2F17990%2Fimage%2Fsm-83f15352ef57aee10ecf9f5eacd4c835.png&amp;w=128&amp;q=50 128w, /_next/image?url=https%3A%2F%2Fd3tlizm80tjdt4.cloudfront.net%2Fimage%2F17990%2Fimage%2Fsm-83f15352ef57aee10ecf9f5eacd4c835.png&amp;w=256&amp;q=50 256w, /_next/image?url=https%3A%2F%2Fd3tlizm80tjdt4.cloudfront.net%2Fimage%2F17990%2Fimage%2Fsm-83f15352ef57aee10ecf9f5eacd4c835.png&amp;w=384&amp;q=50 384w, /_next/image?url=https%3A%2F%2Fd3tlizm80tjdt4.cloudfront.net%2Fimage%2F17990%2Fimage%2Fsm-83f15352ef57aee10ecf9f5eacd4c835.png&amp;w=640&amp;q=50 640w, /_next/image?url=https%3A%2F%2Fd3tlizm80tjdt4.cloudfront.net%2Fimage%2F17990%2Fimage%2Fsm-83f15352ef57aee10ecf9f5eacd4c835.png&amp;w=750&amp;q=50 750w, /_next/image?url=https%3A%2F%2Fd3tlizm80tjdt4.cloudfront.net%2Fimage%2F17990%2Fimage%2Fsm-83f15352ef57aee10ecf9f5eacd4c835.png&amp;w=828&amp;q=50 828w, /_next/image?url=https%3A%2F%2Fd3tlizm80tjdt4.cloudfront.net%2Fimage%2F17990%2Fimage%2Fsm-83f15352ef57aee10ecf9f5eacd4c835.png&amp;w=1080&amp;q=50 1080w, /_next/image?url=https%3A%2F%2Fd3tlizm80tjdt4.cloudfront.net%2Fimage%2F17990%2Fimage%2Fsm-83f15352ef57aee10ecf9f5eacd4c835.png&amp;w=1200&amp;q=50 1200w, /_next/image?url=https%3A%2F%2Fd3tlizm80tjdt4.cloudfront.net%2Fimage%2F17990%2Fimage%2Fsm-83f15352ef57aee10ecf9f5eacd4c835.png&amp;w=1920&amp;q=50 1920w, /_next/image?url=https%3A%2F%2Fd3tlizm80tjdt4.cloudfront.net%2Fimage%2F17990%2Fimage%2Fsm-83f15352ef57aee10ecf9f5eacd4c835.png&amp;w=2048&amp;q=50 2048w, /_next/image?url=https%3A%2F%2Fd3tlizm80tjdt4.cloudfront.net%2Fimage%2F17990%2Fimage%2Fsm-83f15352ef57aee10ecf9f5eacd4c835.png&amp;w=3840&amp;q=50 3840w"
            imagesizes="auto"
        />
        <link
            rel="preload"
            as="image"
            imagesrcset="/_next/image?url=https%3A%2F%2Fd3tlizm80tjdt4.cloudfront.net%2Fimage%2F5981%2Fimage%2Fsm-8006f8100c50aee751d5e74b228445bf.jpg&amp;w=16&amp;q=50 16w, /_next/image?url=https%3A%2F%2Fd3tlizm80tjdt4.cloudfront.net%2Fimage%2F5981%2Fimage%2Fsm-8006f8100c50aee751d5e74b228445bf.jpg&amp;w=32&amp;q=50 32w, /_next/image?url=https%3A%2F%2Fd3tlizm80tjdt4.cloudfront.net%2Fimage%2F5981%2Fimage%2Fsm-8006f8100c50aee751d5e74b228445bf.jpg&amp;w=48&amp;q=50 48w, /_next/image?url=https%3A%2F%2Fd3tlizm80tjdt4.cloudfront.net%2Fimage%2F5981%2Fimage%2Fsm-8006f8100c50aee751d5e74b228445bf.jpg&amp;w=64&amp;q=50 64w, /_next/image?url=https%3A%2F%2Fd3tlizm80tjdt4.cloudfront.net%2Fimage%2F5981%2Fimage%2Fsm-8006f8100c50aee751d5e74b228445bf.jpg&amp;w=96&amp;q=50 96w, /_next/image?url=https%3A%2F%2Fd3tlizm80tjdt4.cloudfront.net%2Fimage%2F5981%2Fimage%2Fsm-8006f8100c50aee751d5e74b228445bf.jpg&amp;w=128&amp;q=50 128w, /_next/image?url=https%3A%2F%2Fd3tlizm80tjdt4.cloudfront.net%2Fimage%2F5981%2Fimage%2Fsm-8006f8100c50aee751d5e74b228445bf.jpg&amp;w=256&amp;q=50 256w, /_next/image?url=https%3A%2F%2Fd3tlizm80tjdt4.cloudfront.net%2Fimage%2F5981%2Fimage%2Fsm-8006f8100c50aee751d5e74b228445bf.jpg&amp;w=384&amp;q=50 384w, /_next/image?url=https%3A%2F%2Fd3tlizm80tjdt4.cloudfront.net%2Fimage%2F5981%2Fimage%2Fsm-8006f8100c50aee751d5e74b228445bf.jpg&amp;w=640&amp;q=50 640w, /_next/image?url=https%3A%2F%2Fd3tlizm80tjdt4.cloudfront.net%2Fimage%2F5981%2Fimage%2Fsm-8006f8100c50aee751d5e74b228445bf.jpg&amp;w=750&amp;q=50 750w, /_next/image?url=https%3A%2F%2Fd3tlizm80tjdt4.cloudfront.net%2Fimage%2F5981%2Fimage%2Fsm-8006f8100c50aee751d5e74b228445bf.jpg&amp;w=828&amp;q=50 828w, /_next/image?url=https%3A%2F%2Fd3tlizm80tjdt4.cloudfront.net%2Fimage%2F5981%2Fimage%2Fsm-8006f8100c50aee751d5e74b228445bf.jpg&amp;w=1080&amp;q=50 1080w, /_next/image?url=https%3A%2F%2Fd3tlizm80tjdt4.cloudfront.net%2Fimage%2F5981%2Fimage%2Fsm-8006f8100c50aee751d5e74b228445bf.jpg&amp;w=1200&amp;q=50 1200w, /_next/image?url=https%3A%2F%2Fd3tlizm80tjdt4.cloudfront.net%2Fimage%2F5981%2Fimage%2Fsm-8006f8100c50aee751d5e74b228445bf.jpg&amp;w=1920&amp;q=50 1920w, /_next/image?url=https%3A%2F%2Fd3tlizm80tjdt4.cloudfront.net%2Fimage%2F5981%2Fimage%2Fsm-8006f8100c50aee751d5e74b228445bf.jpg&amp;w=2048&amp;q=50 2048w, /_next/image?url=https%3A%2F%2Fd3tlizm80tjdt4.cloudfront.net%2Fimage%2F5981%2Fimage%2Fsm-8006f8100c50aee751d5e74b228445bf.jpg&amp;w=3840&amp;q=50 3840w"
            imagesizes="auto"
        />
        <link
            rel="preload"
            as="image"
            imagesrcset="/_next/image?url=https%3A%2F%2Fd3tlizm80tjdt4.cloudfront.net%2Fimage%2F10347%2Fimage%2Fsm-e678c1718263a65a402310e22e32ac8a.jpg&amp;w=16&amp;q=50 16w, /_next/image?url=https%3A%2F%2Fd3tlizm80tjdt4.cloudfront.net%2Fimage%2F10347%2Fimage%2Fsm-e678c1718263a65a402310e22e32ac8a.jpg&amp;w=32&amp;q=50 32w, /_next/image?url=https%3A%2F%2Fd3tlizm80tjdt4.cloudfront.net%2Fimage%2F10347%2Fimage%2Fsm-e678c1718263a65a402310e22e32ac8a.jpg&amp;w=48&amp;q=50 48w, /_next/image?url=https%3A%2F%2Fd3tlizm80tjdt4.cloudfront.net%2Fimage%2F10347%2Fimage%2Fsm-e678c1718263a65a402310e22e32ac8a.jpg&amp;w=64&amp;q=50 64w, /_next/image?url=https%3A%2F%2Fd3tlizm80tjdt4.cloudfront.net%2Fimage%2F10347%2Fimage%2Fsm-e678c1718263a65a402310e22e32ac8a.jpg&amp;w=96&amp;q=50 96w, /_next/image?url=https%3A%2F%2Fd3tlizm80tjdt4.cloudfront.net%2Fimage%2F10347%2Fimage%2Fsm-e678c1718263a65a402310e22e32ac8a.jpg&amp;w=128&amp;q=50 128w, /_next/image?url=https%3A%2F%2Fd3tlizm80tjdt4.cloudfront.net%2Fimage%2F10347%2Fimage%2Fsm-e678c1718263a65a402310e22e32ac8a.jpg&amp;w=256&amp;q=50 256w, /_next/image?url=https%3A%2F%2Fd3tlizm80tjdt4.cloudfront.net%2Fimage%2F10347%2Fimage%2Fsm-e678c1718263a65a402310e22e32ac8a.jpg&amp;w=384&amp;q=50 384w, /_next/image?url=https%3A%2F%2Fd3tlizm80tjdt4.cloudfront.net%2Fimage%2F10347%2Fimage%2Fsm-e678c1718263a65a402310e22e32ac8a.jpg&amp;w=640&amp;q=50 640w, /_next/image?url=https%3A%2F%2Fd3tlizm80tjdt4.cloudfront.net%2Fimage%2F10347%2Fimage%2Fsm-e678c1718263a65a402310e22e32ac8a.jpg&amp;w=750&amp;q=50 750w, /_next/image?url=https%3A%2F%2Fd3tlizm80tjdt4.cloudfront.net%2Fimage%2F10347%2Fimage%2Fsm-e678c1718263a65a402310e22e32ac8a.jpg&amp;w=828&amp;q=50 828w, /_next/image?url=https%3A%2F%2Fd3tlizm80tjdt4.cloudfront.net%2Fimage%2F10347%2Fimage%2Fsm-e678c1718263a65a402310e22e32ac8a.jpg&amp;w=1080&amp;q=50 1080w, /_next/image?url=https%3A%2F%2Fd3tlizm80tjdt4.cloudfront.net%2Fimage%2F10347%2Fimage%2Fsm-e678c1718263a65a402310e22e32ac8a.jpg&amp;w=1200&amp;q=50 1200w, /_next/image?url=https%3A%2F%2Fd3tlizm80tjdt4.cloudfront.net%2Fimage%2F10347%2Fimage%2Fsm-e678c1718263a65a402310e22e32ac8a.jpg&amp;w=1920&amp;q=50 1920w, /_next/image?url=https%3A%2F%2Fd3tlizm80tjdt4.cloudfront.net%2Fimage%2F10347%2Fimage%2Fsm-e678c1718263a65a402310e22e32ac8a.jpg&amp;w=2048&amp;q=50 2048w, /_next/image?url=https%3A%2F%2Fd3tlizm80tjdt4.cloudfront.net%2Fimage%2F10347%2Fimage%2Fsm-e678c1718263a65a402310e22e32ac8a.jpg&amp;w=3840&amp;q=50 3840w"
            imagesizes="auto"
        />
        <link
            rel="preload"
            as="image"
            imagesrcset="/_next/image?url=https%3A%2F%2Fd3tlizm80tjdt4.cloudfront.net%2Fimage%2F7423%2Fimage%2Fsm-05cc51bafdb84958b8c527b8a3a8fecb.jpg&amp;w=16&amp;q=50 16w, /_next/image?url=https%3A%2F%2Fd3tlizm80tjdt4.cloudfront.net%2Fimage%2F7423%2Fimage%2Fsm-05cc51bafdb84958b8c527b8a3a8fecb.jpg&amp;w=32&amp;q=50 32w, /_next/image?url=https%3A%2F%2Fd3tlizm80tjdt4.cloudfront.net%2Fimage%2F7423%2Fimage%2Fsm-05cc51bafdb84958b8c527b8a3a8fecb.jpg&amp;w=48&amp;q=50 48w, /_next/image?url=https%3A%2F%2Fd3tlizm80tjdt4.cloudfront.net%2Fimage%2F7423%2Fimage%2Fsm-05cc51bafdb84958b8c527b8a3a8fecb.jpg&amp;w=64&amp;q=50 64w, /_next/image?url=https%3A%2F%2Fd3tlizm80tjdt4.cloudfront.net%2Fimage%2F7423%2Fimage%2Fsm-05cc51bafdb84958b8c527b8a3a8fecb.jpg&amp;w=96&amp;q=50 96w, /_next/image?url=https%3A%2F%2Fd3tlizm80tjdt4.cloudfront.net%2Fimage%2F7423%2Fimage%2Fsm-05cc51bafdb84958b8c527b8a3a8fecb.jpg&amp;w=128&amp;q=50 128w, /_next/image?url=https%3A%2F%2Fd3tlizm80tjdt4.cloudfront.net%2Fimage%2F7423%2Fimage%2Fsm-05cc51bafdb84958b8c527b8a3a8fecb.jpg&amp;w=256&amp;q=50 256w, /_next/image?url=https%3A%2F%2Fd3tlizm80tjdt4.cloudfront.net%2Fimage%2F7423%2Fimage%2Fsm-05cc51bafdb84958b8c527b8a3a8fecb.jpg&amp;w=384&amp;q=50 384w, /_next/image?url=https%3A%2F%2Fd3tlizm80tjdt4.cloudfront.net%2Fimage%2F7423%2Fimage%2Fsm-05cc51bafdb84958b8c527b8a3a8fecb.jpg&amp;w=640&amp;q=50 640w, /_next/image?url=https%3A%2F%2Fd3tlizm80tjdt4.cloudfront.net%2Fimage%2F7423%2Fimage%2Fsm-05cc51bafdb84958b8c527b8a3a8fecb.jpg&amp;w=750&amp;q=50 750w, /_next/image?url=https%3A%2F%2Fd3tlizm80tjdt4.cloudfront.net%2Fimage%2F7423%2Fimage%2Fsm-05cc51bafdb84958b8c527b8a3a8fecb.jpg&amp;w=828&amp;q=50 828w, /_next/image?url=https%3A%2F%2Fd3tlizm80tjdt4.cloudfront.net%2Fimage%2F7423%2Fimage%2Fsm-05cc51bafdb84958b8c527b8a3a8fecb.jpg&amp;w=1080&amp;q=50 1080w, /_next/image?url=https%3A%2F%2Fd3tlizm80tjdt4.cloudfront.net%2Fimage%2F7423%2Fimage%2Fsm-05cc51bafdb84958b8c527b8a3a8fecb.jpg&amp;w=1200&amp;q=50 1200w, /_next/image?url=https%3A%2F%2Fd3tlizm80tjdt4.cloudfront.net%2Fimage%2F7423%2Fimage%2Fsm-05cc51bafdb84958b8c527b8a3a8fecb.jpg&amp;w=1920&amp;q=50 1920w, /_next/image?url=https%3A%2F%2Fd3tlizm80tjdt4.cloudfront.net%2Fimage%2F7423%2Fimage%2Fsm-05cc51bafdb84958b8c527b8a3a8fecb.jpg&amp;w=2048&amp;q=50 2048w, /_next/image?url=https%3A%2F%2Fd3tlizm80tjdt4.cloudfront.net%2Fimage%2F7423%2Fimage%2Fsm-05cc51bafdb84958b8c527b8a3a8fecb.jpg&amp;w=3840&amp;q=50 3840w"
            imagesizes="auto"
        />
        <link
            rel="preload"
            as="image"
            imagesrcset="/_next/image?url=https%3A%2F%2Fd3tlizm80tjdt4.cloudfront.net%2Fimage%2F13860%2Fimage%2Fsm-1505a5e7aa7570e69e7ca77cf4c49a97.png&amp;w=16&amp;q=50 16w, /_next/image?url=https%3A%2F%2Fd3tlizm80tjdt4.cloudfront.net%2Fimage%2F13860%2Fimage%2Fsm-1505a5e7aa7570e69e7ca77cf4c49a97.png&amp;w=32&amp;q=50 32w, /_next/image?url=https%3A%2F%2Fd3tlizm80tjdt4.cloudfront.net%2Fimage%2F13860%2Fimage%2Fsm-1505a5e7aa7570e69e7ca77cf4c49a97.png&amp;w=48&amp;q=50 48w, /_next/image?url=https%3A%2F%2Fd3tlizm80tjdt4.cloudfront.net%2Fimage%2F13860%2Fimage%2Fsm-1505a5e7aa7570e69e7ca77cf4c49a97.png&amp;w=64&amp;q=50 64w, /_next/image?url=https%3A%2F%2Fd3tlizm80tjdt4.cloudfront.net%2Fimage%2F13860%2Fimage%2Fsm-1505a5e7aa7570e69e7ca77cf4c49a97.png&amp;w=96&amp;q=50 96w, /_next/image?url=https%3A%2F%2Fd3tlizm80tjdt4.cloudfront.net%2Fimage%2F13860%2Fimage%2Fsm-1505a5e7aa7570e69e7ca77cf4c49a97.png&amp;w=128&amp;q=50 128w, /_next/image?url=https%3A%2F%2Fd3tlizm80tjdt4.cloudfront.net%2Fimage%2F13860%2Fimage%2Fsm-1505a5e7aa7570e69e7ca77cf4c49a97.png&amp;w=256&amp;q=50 256w, /_next/image?url=https%3A%2F%2Fd3tlizm80tjdt4.cloudfront.net%2Fimage%2F13860%2Fimage%2Fsm-1505a5e7aa7570e69e7ca77cf4c49a97.png&amp;w=384&amp;q=50 384w, /_next/image?url=https%3A%2F%2Fd3tlizm80tjdt4.cloudfront.net%2Fimage%2F13860%2Fimage%2Fsm-1505a5e7aa7570e69e7ca77cf4c49a97.png&amp;w=640&amp;q=50 640w, /_next/image?url=https%3A%2F%2Fd3tlizm80tjdt4.cloudfront.net%2Fimage%2F13860%2Fimage%2Fsm-1505a5e7aa7570e69e7ca77cf4c49a97.png&amp;w=750&amp;q=50 750w, /_next/image?url=https%3A%2F%2Fd3tlizm80tjdt4.cloudfront.net%2Fimage%2F13860%2Fimage%2Fsm-1505a5e7aa7570e69e7ca77cf4c49a97.png&amp;w=828&amp;q=50 828w, /_next/image?url=https%3A%2F%2Fd3tlizm80tjdt4.cloudfront.net%2Fimage%2F13860%2Fimage%2Fsm-1505a5e7aa7570e69e7ca77cf4c49a97.png&amp;w=1080&amp;q=50 1080w, /_next/image?url=https%3A%2F%2Fd3tlizm80tjdt4.cloudfront.net%2Fimage%2F13860%2Fimage%2Fsm-1505a5e7aa7570e69e7ca77cf4c49a97.png&amp;w=1200&amp;q=50 1200w, /_next/image?url=https%3A%2F%2Fd3tlizm80tjdt4.cloudfront.net%2Fimage%2F13860%2Fimage%2Fsm-1505a5e7aa7570e69e7ca77cf4c49a97.png&amp;w=1920&amp;q=50 1920w, /_next/image?url=https%3A%2F%2Fd3tlizm80tjdt4.cloudfront.net%2Fimage%2F13860%2Fimage%2Fsm-1505a5e7aa7570e69e7ca77cf4c49a97.png&amp;w=2048&amp;q=50 2048w, /_next/image?url=https%3A%2F%2Fd3tlizm80tjdt4.cloudfront.net%2Fimage%2F13860%2Fimage%2Fsm-1505a5e7aa7570e69e7ca77cf4c49a97.png&amp;w=3840&amp;q=50 3840w"
            imagesizes="auto"
        />
        <link
            rel="preload"
            as="image"
            imagesrcset="/_next/image?url=https%3A%2F%2Fd3tlizm80tjdt4.cloudfront.net%2Fimage%2F11519%2Fimage%2Fsm-6f1eb10583921d3db8a9df08b378c1bd.jpeg&amp;w=16&amp;q=50 16w, /_next/image?url=https%3A%2F%2Fd3tlizm80tjdt4.cloudfront.net%2Fimage%2F11519%2Fimage%2Fsm-6f1eb10583921d3db8a9df08b378c1bd.jpeg&amp;w=32&amp;q=50 32w, /_next/image?url=https%3A%2F%2Fd3tlizm80tjdt4.cloudfront.net%2Fimage%2F11519%2Fimage%2Fsm-6f1eb10583921d3db8a9df08b378c1bd.jpeg&amp;w=48&amp;q=50 48w, /_next/image?url=https%3A%2F%2Fd3tlizm80tjdt4.cloudfront.net%2Fimage%2F11519%2Fimage%2Fsm-6f1eb10583921d3db8a9df08b378c1bd.jpeg&amp;w=64&amp;q=50 64w, /_next/image?url=https%3A%2F%2Fd3tlizm80tjdt4.cloudfront.net%2Fimage%2F11519%2Fimage%2Fsm-6f1eb10583921d3db8a9df08b378c1bd.jpeg&amp;w=96&amp;q=50 96w, /_next/image?url=https%3A%2F%2Fd3tlizm80tjdt4.cloudfront.net%2Fimage%2F11519%2Fimage%2Fsm-6f1eb10583921d3db8a9df08b378c1bd.jpeg&amp;w=128&amp;q=50 128w, /_next/image?url=https%3A%2F%2Fd3tlizm80tjdt4.cloudfront.net%2Fimage%2F11519%2Fimage%2Fsm-6f1eb10583921d3db8a9df08b378c1bd.jpeg&amp;w=256&amp;q=50 256w, /_next/image?url=https%3A%2F%2Fd3tlizm80tjdt4.cloudfront.net%2Fimage%2F11519%2Fimage%2Fsm-6f1eb10583921d3db8a9df08b378c1bd.jpeg&amp;w=384&amp;q=50 384w, /_next/image?url=https%3A%2F%2Fd3tlizm80tjdt4.cloudfront.net%2Fimage%2F11519%2Fimage%2Fsm-6f1eb10583921d3db8a9df08b378c1bd.jpeg&amp;w=640&amp;q=50 640w, /_next/image?url=https%3A%2F%2Fd3tlizm80tjdt4.cloudfront.net%2Fimage%2F11519%2Fimage%2Fsm-6f1eb10583921d3db8a9df08b378c1bd.jpeg&amp;w=750&amp;q=50 750w, /_next/image?url=https%3A%2F%2Fd3tlizm80tjdt4.cloudfront.net%2Fimage%2F11519%2Fimage%2Fsm-6f1eb10583921d3db8a9df08b378c1bd.jpeg&amp;w=828&amp;q=50 828w, /_next/image?url=https%3A%2F%2Fd3tlizm80tjdt4.cloudfront.net%2Fimage%2F11519%2Fimage%2Fsm-6f1eb10583921d3db8a9df08b378c1bd.jpeg&amp;w=1080&amp;q=50 1080w, /_next/image?url=https%3A%2F%2Fd3tlizm80tjdt4.cloudfront.net%2Fimage%2F11519%2Fimage%2Fsm-6f1eb10583921d3db8a9df08b378c1bd.jpeg&amp;w=1200&amp;q=50 1200w, /_next/image?url=https%3A%2F%2Fd3tlizm80tjdt4.cloudfront.net%2Fimage%2F11519%2Fimage%2Fsm-6f1eb10583921d3db8a9df08b378c1bd.jpeg&amp;w=1920&amp;q=50 1920w, /_next/image?url=https%3A%2F%2Fd3tlizm80tjdt4.cloudfront.net%2Fimage%2F11519%2Fimage%2Fsm-6f1eb10583921d3db8a9df08b378c1bd.jpeg&amp;w=2048&amp;q=50 2048w, /_next/image?url=https%3A%2F%2Fd3tlizm80tjdt4.cloudfront.net%2Fimage%2F11519%2Fimage%2Fsm-6f1eb10583921d3db8a9df08b378c1bd.jpeg&amp;w=3840&amp;q=50 3840w"
            imagesizes="auto"
        />
        <link
            rel="preload"
            as="image"
            imagesrcset="/_next/image?url=https%3A%2F%2Fd3tlizm80tjdt4.cloudfront.net%2Fimage%2F11540%2Fimage%2Fsm-dc389e1a3b99419ba379e3fb3916db94.png&amp;w=16&amp;q=50 16w, /_next/image?url=https%3A%2F%2Fd3tlizm80tjdt4.cloudfront.net%2Fimage%2F11540%2Fimage%2Fsm-dc389e1a3b99419ba379e3fb3916db94.png&amp;w=32&amp;q=50 32w, /_next/image?url=https%3A%2F%2Fd3tlizm80tjdt4.cloudfront.net%2Fimage%2F11540%2Fimage%2Fsm-dc389e1a3b99419ba379e3fb3916db94.png&amp;w=48&amp;q=50 48w, /_next/image?url=https%3A%2F%2Fd3tlizm80tjdt4.cloudfront.net%2Fimage%2F11540%2Fimage%2Fsm-dc389e1a3b99419ba379e3fb3916db94.png&amp;w=64&amp;q=50 64w, /_next/image?url=https%3A%2F%2Fd3tlizm80tjdt4.cloudfront.net%2Fimage%2F11540%2Fimage%2Fsm-dc389e1a3b99419ba379e3fb3916db94.png&amp;w=96&amp;q=50 96w, /_next/image?url=https%3A%2F%2Fd3tlizm80tjdt4.cloudfront.net%2Fimage%2F11540%2Fimage%2Fsm-dc389e1a3b99419ba379e3fb3916db94.png&amp;w=128&amp;q=50 128w, /_next/image?url=https%3A%2F%2Fd3tlizm80tjdt4.cloudfront.net%2Fimage%2F11540%2Fimage%2Fsm-dc389e1a3b99419ba379e3fb3916db94.png&amp;w=256&amp;q=50 256w, /_next/image?url=https%3A%2F%2Fd3tlizm80tjdt4.cloudfront.net%2Fimage%2F11540%2Fimage%2Fsm-dc389e1a3b99419ba379e3fb3916db94.png&amp;w=384&amp;q=50 384w, /_next/image?url=https%3A%2F%2Fd3tlizm80tjdt4.cloudfront.net%2Fimage%2F11540%2Fimage%2Fsm-dc389e1a3b99419ba379e3fb3916db94.png&amp;w=640&amp;q=50 640w, /_next/image?url=https%3A%2F%2Fd3tlizm80tjdt4.cloudfront.net%2Fimage%2F11540%2Fimage%2Fsm-dc389e1a3b99419ba379e3fb3916db94.png&amp;w=750&amp;q=50 750w, /_next/image?url=https%3A%2F%2Fd3tlizm80tjdt4.cloudfront.net%2Fimage%2F11540%2Fimage%2Fsm-dc389e1a3b99419ba379e3fb3916db94.png&amp;w=828&amp;q=50 828w, /_next/image?url=https%3A%2F%2Fd3tlizm80tjdt4.cloudfront.net%2Fimage%2F11540%2Fimage%2Fsm-dc389e1a3b99419ba379e3fb3916db94.png&amp;w=1080&amp;q=50 1080w, /_next/image?url=https%3A%2F%2Fd3tlizm80tjdt4.cloudfront.net%2Fimage%2F11540%2Fimage%2Fsm-dc389e1a3b99419ba379e3fb3916db94.png&amp;w=1200&amp;q=50 1200w, /_next/image?url=https%3A%2F%2Fd3tlizm80tjdt4.cloudfront.net%2Fimage%2F11540%2Fimage%2Fsm-dc389e1a3b99419ba379e3fb3916db94.png&amp;w=1920&amp;q=50 1920w, /_next/image?url=https%3A%2F%2Fd3tlizm80tjdt4.cloudfront.net%2Fimage%2F11540%2Fimage%2Fsm-dc389e1a3b99419ba379e3fb3916db94.png&amp;w=2048&amp;q=50 2048w, /_next/image?url=https%3A%2F%2Fd3tlizm80tjdt4.cloudfront.net%2Fimage%2F11540%2Fimage%2Fsm-dc389e1a3b99419ba379e3fb3916db94.png&amp;w=3840&amp;q=50 3840w"
            imagesizes="auto"
        />
        <link
            rel="preload"
            as="image"
            imagesrcset="/_next/image?url=https%3A%2F%2Fd3tlizm80tjdt4.cloudfront.net%2Fremote_images%2Fimage%2F7464%2Fsmall%2F4c120c44089fd73a9dc6802b21106ba43711bda636e75afc96.jpg&amp;w=16&amp;q=50 16w, /_next/image?url=https%3A%2F%2Fd3tlizm80tjdt4.cloudfront.net%2Fremote_images%2Fimage%2F7464%2Fsmall%2F4c120c44089fd73a9dc6802b21106ba43711bda636e75afc96.jpg&amp;w=32&amp;q=50 32w, /_next/image?url=https%3A%2F%2Fd3tlizm80tjdt4.cloudfront.net%2Fremote_images%2Fimage%2F7464%2Fsmall%2F4c120c44089fd73a9dc6802b21106ba43711bda636e75afc96.jpg&amp;w=48&amp;q=50 48w, /_next/image?url=https%3A%2F%2Fd3tlizm80tjdt4.cloudfront.net%2Fremote_images%2Fimage%2F7464%2Fsmall%2F4c120c44089fd73a9dc6802b21106ba43711bda636e75afc96.jpg&amp;w=64&amp;q=50 64w, /_next/image?url=https%3A%2F%2Fd3tlizm80tjdt4.cloudfront.net%2Fremote_images%2Fimage%2F7464%2Fsmall%2F4c120c44089fd73a9dc6802b21106ba43711bda636e75afc96.jpg&amp;w=96&amp;q=50 96w, /_next/image?url=https%3A%2F%2Fd3tlizm80tjdt4.cloudfront.net%2Fremote_images%2Fimage%2F7464%2Fsmall%2F4c120c44089fd73a9dc6802b21106ba43711bda636e75afc96.jpg&amp;w=128&amp;q=50 128w, /_next/image?url=https%3A%2F%2Fd3tlizm80tjdt4.cloudfront.net%2Fremote_images%2Fimage%2F7464%2Fsmall%2F4c120c44089fd73a9dc6802b21106ba43711bda636e75afc96.jpg&amp;w=256&amp;q=50 256w, /_next/image?url=https%3A%2F%2Fd3tlizm80tjdt4.cloudfront.net%2Fremote_images%2Fimage%2F7464%2Fsmall%2F4c120c44089fd73a9dc6802b21106ba43711bda636e75afc96.jpg&amp;w=384&amp;q=50 384w, /_next/image?url=https%3A%2F%2Fd3tlizm80tjdt4.cloudfront.net%2Fremote_images%2Fimage%2F7464%2Fsmall%2F4c120c44089fd73a9dc6802b21106ba43711bda636e75afc96.jpg&amp;w=640&amp;q=50 640w, /_next/image?url=https%3A%2F%2Fd3tlizm80tjdt4.cloudfront.net%2Fremote_images%2Fimage%2F7464%2Fsmall%2F4c120c44089fd73a9dc6802b21106ba43711bda636e75afc96.jpg&amp;w=750&amp;q=50 750w, /_next/image?url=https%3A%2F%2Fd3tlizm80tjdt4.cloudfront.net%2Fremote_images%2Fimage%2F7464%2Fsmall%2F4c120c44089fd73a9dc6802b21106ba43711bda636e75afc96.jpg&amp;w=828&amp;q=50 828w, /_next/image?url=https%3A%2F%2Fd3tlizm80tjdt4.cloudfront.net%2Fremote_images%2Fimage%2F7464%2Fsmall%2F4c120c44089fd73a9dc6802b21106ba43711bda636e75afc96.jpg&amp;w=1080&amp;q=50 1080w, /_next/image?url=https%3A%2F%2Fd3tlizm80tjdt4.cloudfront.net%2Fremote_images%2Fimage%2F7464%2Fsmall%2F4c120c44089fd73a9dc6802b21106ba43711bda636e75afc96.jpg&amp;w=1200&amp;q=50 1200w, /_next/image?url=https%3A%2F%2Fd3tlizm80tjdt4.cloudfront.net%2Fremote_images%2Fimage%2F7464%2Fsmall%2F4c120c44089fd73a9dc6802b21106ba43711bda636e75afc96.jpg&amp;w=1920&amp;q=50 1920w, /_next/image?url=https%3A%2F%2Fd3tlizm80tjdt4.cloudfront.net%2Fremote_images%2Fimage%2F7464%2Fsmall%2F4c120c44089fd73a9dc6802b21106ba43711bda636e75afc96.jpg&amp;w=2048&amp;q=50 2048w, /_next/image?url=https%3A%2F%2Fd3tlizm80tjdt4.cloudfront.net%2Fremote_images%2Fimage%2F7464%2Fsmall%2F4c120c44089fd73a9dc6802b21106ba43711bda636e75afc96.jpg&amp;w=3840&amp;q=50 3840w"
            imagesizes="auto"
        />
        <link
            rel="preload"
            as="image"
            imagesrcset="/_next/image?url=https%3A%2F%2Fd3tlizm80tjdt4.cloudfront.net%2Fimage%2F2254%2Fimage%2Fsm-cd0c941b11ba4b342c17c421fe3e4d95.jpeg&amp;w=16&amp;q=50 16w, /_next/image?url=https%3A%2F%2Fd3tlizm80tjdt4.cloudfront.net%2Fimage%2F2254%2Fimage%2Fsm-cd0c941b11ba4b342c17c421fe3e4d95.jpeg&amp;w=32&amp;q=50 32w, /_next/image?url=https%3A%2F%2Fd3tlizm80tjdt4.cloudfront.net%2Fimage%2F2254%2Fimage%2Fsm-cd0c941b11ba4b342c17c421fe3e4d95.jpeg&amp;w=48&amp;q=50 48w, /_next/image?url=https%3A%2F%2Fd3tlizm80tjdt4.cloudfront.net%2Fimage%2F2254%2Fimage%2Fsm-cd0c941b11ba4b342c17c421fe3e4d95.jpeg&amp;w=64&amp;q=50 64w, /_next/image?url=https%3A%2F%2Fd3tlizm80tjdt4.cloudfront.net%2Fimage%2F2254%2Fimage%2Fsm-cd0c941b11ba4b342c17c421fe3e4d95.jpeg&amp;w=96&amp;q=50 96w, /_next/image?url=https%3A%2F%2Fd3tlizm80tjdt4.cloudfront.net%2Fimage%2F2254%2Fimage%2Fsm-cd0c941b11ba4b342c17c421fe3e4d95.jpeg&amp;w=128&amp;q=50 128w, /_next/image?url=https%3A%2F%2Fd3tlizm80tjdt4.cloudfront.net%2Fimage%2F2254%2Fimage%2Fsm-cd0c941b11ba4b342c17c421fe3e4d95.jpeg&amp;w=256&amp;q=50 256w, /_next/image?url=https%3A%2F%2Fd3tlizm80tjdt4.cloudfront.net%2Fimage%2F2254%2Fimage%2Fsm-cd0c941b11ba4b342c17c421fe3e4d95.jpeg&amp;w=384&amp;q=50 384w, /_next/image?url=https%3A%2F%2Fd3tlizm80tjdt4.cloudfront.net%2Fimage%2F2254%2Fimage%2Fsm-cd0c941b11ba4b342c17c421fe3e4d95.jpeg&amp;w=640&amp;q=50 640w, /_next/image?url=https%3A%2F%2Fd3tlizm80tjdt4.cloudfront.net%2Fimage%2F2254%2Fimage%2Fsm-cd0c941b11ba4b342c17c421fe3e4d95.jpeg&amp;w=750&amp;q=50 750w, /_next/image?url=https%3A%2F%2Fd3tlizm80tjdt4.cloudfront.net%2Fimage%2F2254%2Fimage%2Fsm-cd0c941b11ba4b342c17c421fe3e4d95.jpeg&amp;w=828&amp;q=50 828w, /_next/image?url=https%3A%2F%2Fd3tlizm80tjdt4.cloudfront.net%2Fimage%2F2254%2Fimage%2Fsm-cd0c941b11ba4b342c17c421fe3e4d95.jpeg&amp;w=1080&amp;q=50 1080w, /_next/image?url=https%3A%2F%2Fd3tlizm80tjdt4.cloudfront.net%2Fimage%2F2254%2Fimage%2Fsm-cd0c941b11ba4b342c17c421fe3e4d95.jpeg&amp;w=1200&amp;q=50 1200w, /_next/image?url=https%3A%2F%2Fd3tlizm80tjdt4.cloudfront.net%2Fimage%2F2254%2Fimage%2Fsm-cd0c941b11ba4b342c17c421fe3e4d95.jpeg&amp;w=1920&amp;q=50 1920w, /_next/image?url=https%3A%2F%2Fd3tlizm80tjdt4.cloudfront.net%2Fimage%2F2254%2Fimage%2Fsm-cd0c941b11ba4b342c17c421fe3e4d95.jpeg&amp;w=2048&amp;q=50 2048w, /_next/image?url=https%3A%2F%2Fd3tlizm80tjdt4.cloudfront.net%2Fimage%2F2254%2Fimage%2Fsm-cd0c941b11ba4b342c17c421fe3e4d95.jpeg&amp;w=3840&amp;q=50 3840w"
            imagesizes="auto"
        />
        <link
            rel="preload"
            as="image"
            imagesrcset="/_next/image?url=https%3A%2F%2Fd3tlizm80tjdt4.cloudfront.net%2Fimage%2F9201%2Fimage%2Fsm-4b09eacd768b0bf3bc71bca949fe2915.jpg&amp;w=16&amp;q=50 16w, /_next/image?url=https%3A%2F%2Fd3tlizm80tjdt4.cloudfront.net%2Fimage%2F9201%2Fimage%2Fsm-4b09eacd768b0bf3bc71bca949fe2915.jpg&amp;w=32&amp;q=50 32w, /_next/image?url=https%3A%2F%2Fd3tlizm80tjdt4.cloudfront.net%2Fimage%2F9201%2Fimage%2Fsm-4b09eacd768b0bf3bc71bca949fe2915.jpg&amp;w=48&amp;q=50 48w, /_next/image?url=https%3A%2F%2Fd3tlizm80tjdt4.cloudfront.net%2Fimage%2F9201%2Fimage%2Fsm-4b09eacd768b0bf3bc71bca949fe2915.jpg&amp;w=64&amp;q=50 64w, /_next/image?url=https%3A%2F%2Fd3tlizm80tjdt4.cloudfront.net%2Fimage%2F9201%2Fimage%2Fsm-4b09eacd768b0bf3bc71bca949fe2915.jpg&amp;w=96&amp;q=50 96w, /_next/image?url=https%3A%2F%2Fd3tlizm80tjdt4.cloudfront.net%2Fimage%2F9201%2Fimage%2Fsm-4b09eacd768b0bf3bc71bca949fe2915.jpg&amp;w=128&amp;q=50 128w, /_next/image?url=https%3A%2F%2Fd3tlizm80tjdt4.cloudfront.net%2Fimage%2F9201%2Fimage%2Fsm-4b09eacd768b0bf3bc71bca949fe2915.jpg&amp;w=256&amp;q=50 256w, /_next/image?url=https%3A%2F%2Fd3tlizm80tjdt4.cloudfront.net%2Fimage%2F9201%2Fimage%2Fsm-4b09eacd768b0bf3bc71bca949fe2915.jpg&amp;w=384&amp;q=50 384w, /_next/image?url=https%3A%2F%2Fd3tlizm80tjdt4.cloudfront.net%2Fimage%2F9201%2Fimage%2Fsm-4b09eacd768b0bf3bc71bca949fe2915.jpg&amp;w=640&amp;q=50 640w, /_next/image?url=https%3A%2F%2Fd3tlizm80tjdt4.cloudfront.net%2Fimage%2F9201%2Fimage%2Fsm-4b09eacd768b0bf3bc71bca949fe2915.jpg&amp;w=750&amp;q=50 750w, /_next/image?url=https%3A%2F%2Fd3tlizm80tjdt4.cloudfront.net%2Fimage%2F9201%2Fimage%2Fsm-4b09eacd768b0bf3bc71bca949fe2915.jpg&amp;w=828&amp;q=50 828w, /_next/image?url=https%3A%2F%2Fd3tlizm80tjdt4.cloudfront.net%2Fimage%2F9201%2Fimage%2Fsm-4b09eacd768b0bf3bc71bca949fe2915.jpg&amp;w=1080&amp;q=50 1080w, /_next/image?url=https%3A%2F%2Fd3tlizm80tjdt4.cloudfront.net%2Fimage%2F9201%2Fimage%2Fsm-4b09eacd768b0bf3bc71bca949fe2915.jpg&amp;w=1200&amp;q=50 1200w, /_next/image?url=https%3A%2F%2Fd3tlizm80tjdt4.cloudfront.net%2Fimage%2F9201%2Fimage%2Fsm-4b09eacd768b0bf3bc71bca949fe2915.jpg&amp;w=1920&amp;q=50 1920w, /_next/image?url=https%3A%2F%2Fd3tlizm80tjdt4.cloudfront.net%2Fimage%2F9201%2Fimage%2Fsm-4b09eacd768b0bf3bc71bca949fe2915.jpg&amp;w=2048&amp;q=50 2048w, /_next/image?url=https%3A%2F%2Fd3tlizm80tjdt4.cloudfront.net%2Fimage%2F9201%2Fimage%2Fsm-4b09eacd768b0bf3bc71bca949fe2915.jpg&amp;w=3840&amp;q=50 3840w"
            imagesizes="auto"
        />
        <link
            rel="preload"
            as="image"
            imagesrcset="/_next/image?url=https%3A%2F%2Fd3tlizm80tjdt4.cloudfront.net%2Fimage%2F15256%2Fimage%2Fsm-6c299387672a8119d43997e98fcbcfc1.png&amp;w=16&amp;q=50 16w, /_next/image?url=https%3A%2F%2Fd3tlizm80tjdt4.cloudfront.net%2Fimage%2F15256%2Fimage%2Fsm-6c299387672a8119d43997e98fcbcfc1.png&amp;w=32&amp;q=50 32w, /_next/image?url=https%3A%2F%2Fd3tlizm80tjdt4.cloudfront.net%2Fimage%2F15256%2Fimage%2Fsm-6c299387672a8119d43997e98fcbcfc1.png&amp;w=48&amp;q=50 48w, /_next/image?url=https%3A%2F%2Fd3tlizm80tjdt4.cloudfront.net%2Fimage%2F15256%2Fimage%2Fsm-6c299387672a8119d43997e98fcbcfc1.png&amp;w=64&amp;q=50 64w, /_next/image?url=https%3A%2F%2Fd3tlizm80tjdt4.cloudfront.net%2Fimage%2F15256%2Fimage%2Fsm-6c299387672a8119d43997e98fcbcfc1.png&amp;w=96&amp;q=50 96w, /_next/image?url=https%3A%2F%2Fd3tlizm80tjdt4.cloudfront.net%2Fimage%2F15256%2Fimage%2Fsm-6c299387672a8119d43997e98fcbcfc1.png&amp;w=128&amp;q=50 128w, /_next/image?url=https%3A%2F%2Fd3tlizm80tjdt4.cloudfront.net%2Fimage%2F15256%2Fimage%2Fsm-6c299387672a8119d43997e98fcbcfc1.png&amp;w=256&amp;q=50 256w, /_next/image?url=https%3A%2F%2Fd3tlizm80tjdt4.cloudfront.net%2Fimage%2F15256%2Fimage%2Fsm-6c299387672a8119d43997e98fcbcfc1.png&amp;w=384&amp;q=50 384w, /_next/image?url=https%3A%2F%2Fd3tlizm80tjdt4.cloudfront.net%2Fimage%2F15256%2Fimage%2Fsm-6c299387672a8119d43997e98fcbcfc1.png&amp;w=640&amp;q=50 640w, /_next/image?url=https%3A%2F%2Fd3tlizm80tjdt4.cloudfront.net%2Fimage%2F15256%2Fimage%2Fsm-6c299387672a8119d43997e98fcbcfc1.png&amp;w=750&amp;q=50 750w, /_next/image?url=https%3A%2F%2Fd3tlizm80tjdt4.cloudfront.net%2Fimage%2F15256%2Fimage%2Fsm-6c299387672a8119d43997e98fcbcfc1.png&amp;w=828&amp;q=50 828w, /_next/image?url=https%3A%2F%2Fd3tlizm80tjdt4.cloudfront.net%2Fimage%2F15256%2Fimage%2Fsm-6c299387672a8119d43997e98fcbcfc1.png&amp;w=1080&amp;q=50 1080w, /_next/image?url=https%3A%2F%2Fd3tlizm80tjdt4.cloudfront.net%2Fimage%2F15256%2Fimage%2Fsm-6c299387672a8119d43997e98fcbcfc1.png&amp;w=1200&amp;q=50 1200w, /_next/image?url=https%3A%2F%2Fd3tlizm80tjdt4.cloudfront.net%2Fimage%2F15256%2Fimage%2Fsm-6c299387672a8119d43997e98fcbcfc1.png&amp;w=1920&amp;q=50 1920w, /_next/image?url=https%3A%2F%2Fd3tlizm80tjdt4.cloudfront.net%2Fimage%2F15256%2Fimage%2Fsm-6c299387672a8119d43997e98fcbcfc1.png&amp;w=2048&amp;q=50 2048w, /_next/image?url=https%3A%2F%2Fd3tlizm80tjdt4.cloudfront.net%2Fimage%2F15256%2Fimage%2Fsm-6c299387672a8119d43997e98fcbcfc1.png&amp;w=3840&amp;q=50 3840w"
            imagesizes="auto"
        />
        <meta charset="utf-8" />
        <title>
            Cheetah by Kimelo | Cheese, Cheddar, Shredded, Fancy, Mild, (4) -
            106832
        </title>
        <meta
            property="og:title"
            content="Cheetah by Kimelo | Cheese, Cheddar, Shredded, Fancy, Mild, (4) - 106832"
        />
        <meta
            property="og:image"
            content="https://d3tlizm80tjdt4.cloudfront.net/image/3523/image/lg-90fd6ac8b80a54f0d88d5efcfa684530.jpg"
        />
        <meta property="og:image:type" content="image/png" />
        <meta property="og:image:width" content="1200" />
        <meta property="og:image:height" content="630" />
        <meta
            property="og:image"
            content="https://shop.kimelo.com/opengraph-image.png?8b4aeb0d5183ab8a"
        />
        <meta name="twitter:card" content="summary_large_image" />
        <meta
            name="twitter:title"
            content="Cheetah by Kimelo | Cheese, Cheddar, Shredded, Fancy, Mild, (4) - 106832"
        />
        <meta
            name="twitter:image"
            content="https://d3tlizm80tjdt4.cloudfront.net/image/3523/image/lg-90fd6ac8b80a54f0d88d5efcfa684530.jpg"
        />
        <meta name="twitter:image:type" content="image/png" />
        <meta name="twitter:image:width" content="1200" />
        <meta name="twitter:image:height" content="630" />
        <meta
            name="twitter:image"
            content="https://shop.kimelo.com/opengraph-image.png?8b4aeb0d5183ab8a"
        />
        <link
            rel="icon"
            href="/icon.png?b0eaa91c0bfc94a4"
            type="image/png"
            sizes="519x429"
        />
        <meta name="viewport" content="width=device-width, initial-scale=1" />
        <meta name="next-size-adjust" content="" />
    </head>
    <body class="chakra-ui-light">
        <script id="chakra-script">
            !(function () {
                try {
                    var a = function (c) {
                            var v = "(prefers-color-scheme: dark)",
                                h = window.matchMedia(v).matches
                                    ? "dark"
                                    : "light",
                                r = c === "system" ? h : c,
                                o = document.documentElement,
                                s = document.body,
                                l = "chakra-ui-light",
                                d = "chakra-ui-dark",
                                i = r === "dark";
                            return (
                                s.classList.add(i ? d : l),
                                s.classList.remove(i ? l : d),
                                (o.style.colorScheme = r),
                                (o.dataset.theme = r),
                                r
                            );
                        },
                        n = a,
                        m = "light",
                        e = "chakra-ui-color-mode",
                        t = localStorage.getItem(e);
                    t ? a(t) : localStorage.setItem(e, a(m));
                } catch (a) {}
            })();
        </script>
        <!--$--><!--/$-->
        <div class="chakra-container css-gf4mx2">
            <div class="border-x border-b border-x-gray-200 css-b2p34e">
                <div
                    class="sticky top-0 bg-white z-50 h-20 border-b border-b-gray-200 css-1z68yo"
                >
                    <div class="h-full css-1718j8z">
                        <div class="h-full css-0">
                            <div class="css-1o2ynot">
                                <button
                                    type="button"
                                    class="chakra-button css-176nuz2"
                                    aria-label="Menu"
                                >
                                    <svg
                                        stroke="currentColor"
                                        fill="currentColor"
                                        stroke-width="0"
                                        viewBox="0 0 24 24"
                                        focusable="false"
                                        class="chakra-icon css-6ey7w3"
                                        aria-hidden="true"
                                        height="1em"
                                        width="1em"
                                        xmlns="http://www.w3.org/2000/svg"
                                    >
                                        <path
                                            d="M4 6h16v2H4zm0 5h16v2H4zm0 5h16v2H4z"
                                        ></path>
                                    </svg>
                                </button>
                                <div class="css-jftlly">
                                    <a
                                        class="relative h-full w-24 lg:w-40"
                                        title="Homepage"
                                        href="/"
                                        ><img
                                            alt="Cheetah"
                                            decoding="async"
                                            data-nimg="fill"
                                            class="object-contain"
                                            style="
                                                position: absolute;
                                                height: 100%;
                                                width: 100%;
                                                left: 0;
                                                top: 0;
                                                right: 0;
                                                bottom: 0;
                                                color: transparent;
                                            "
                                            sizes="auto"
                                            srcset="
                                                /_next/image?url=https%3A%2F%2Fcheetah-public.s3.us-east-1.amazonaws.com%2Fstatic_images%2Fpaf.png&amp;w=16&amp;q=75     16w,
                                                /_next/image?url=https%3A%2F%2Fcheetah-public.s3.us-east-1.amazonaws.com%2Fstatic_images%2Fpaf.png&amp;w=32&amp;q=75     32w,
                                                /_next/image?url=https%3A%2F%2Fcheetah-public.s3.us-east-1.amazonaws.com%2Fstatic_images%2Fpaf.png&amp;w=48&amp;q=75     48w,
                                                /_next/image?url=https%3A%2F%2Fcheetah-public.s3.us-east-1.amazonaws.com%2Fstatic_images%2Fpaf.png&amp;w=64&amp;q=75     64w,
                                                /_next/image?url=https%3A%2F%2Fcheetah-public.s3.us-east-1.amazonaws.com%2Fstatic_images%2Fpaf.png&amp;w=96&amp;q=75     96w,
                                                /_next/image?url=https%3A%2F%2Fcheetah-public.s3.us-east-1.amazonaws.com%2Fstatic_images%2Fpaf.png&amp;w=128&amp;q=75   128w,
                                                /_next/image?url=https%3A%2F%2Fcheetah-public.s3.us-east-1.amazonaws.com%2Fstatic_images%2Fpaf.png&amp;w=256&amp;q=75   256w,
                                                /_next/image?url=https%3A%2F%2Fcheetah-public.s3.us-east-1.amazonaws.com%2Fstatic_images%2Fpaf.png&amp;w=384&amp;q=75   384w,
                                                /_next/image?url=https%3A%2F%2Fcheetah-public.s3.us-east-1.amazonaws.com%2Fstatic_images%2Fpaf.png&amp;w=640&amp;q=75   640w,
                                                /_next/image?url=https%3A%2F%2Fcheetah-public.s3.us-east-1.amazonaws.com%2Fstatic_images%2Fpaf.png&amp;w=750&amp;q=75   750w,
                                                /_next/image?url=https%3A%2F%2Fcheetah-public.s3.us-east-1.amazonaws.com%2Fstatic_images%2Fpaf.png&amp;w=828&amp;q=75   828w,
                                                /_next/image?url=https%3A%2F%2Fcheetah-public.s3.us-east-1.amazonaws.com%2Fstatic_images%2Fpaf.png&amp;w=1080&amp;q=75 1080w,
                                                /_next/image?url=https%3A%2F%2Fcheetah-public.s3.us-east-1.amazonaws.com%2Fstatic_images%2Fpaf.png&amp;w=1200&amp;q=75 1200w,
                                                /_next/image?url=https%3A%2F%2Fcheetah-public.s3.us-east-1.amazonaws.com%2Fstatic_images%2Fpaf.png&amp;w=1920&amp;q=75 1920w,
                                                /_next/image?url=https%3A%2F%2Fcheetah-public.s3.us-east-1.amazonaws.com%2Fstatic_images%2Fpaf.png&amp;w=2048&amp;q=75 2048w,
                                                /_next/image?url=https%3A%2F%2Fcheetah-public.s3.us-east-1.amazonaws.com%2Fstatic_images%2Fpaf.png&amp;w=3840&amp;q=75 3840w
                                            "
                                            src="/_next/image?url=https%3A%2F%2Fcheetah-public.s3.us-east-1.amazonaws.com%2Fstatic_images%2Fpaf.png&amp;w=3840&amp;q=75"
                                    /></a>
                                </div>
                            </div>
                        </div>
                        <div class="css-ksp0dq">
                            <div class="chakra-container css-vhc7ah">
                                <form>
                                    <div class="relative css-0">
                                        <div class="gap-1 css-0">
                                            <div
                                                role="group"
                                                class="chakra-form-control css-1kxonj9"
                                            >
                                                <div
                                                    class="chakra-input__group css-164hj3a"
                                                    data-group="true"
                                                >
                                                    <input
                                                        autocomplete="off"
                                                        aria-activedescendant=""
                                                        aria-autocomplete="list"
                                                        aria-controls="downshift-:Rlajbnmnlb:-menu"
                                                        aria-expanded="false"
                                                        role="combobox"
                                                        placeholder="Search for items, categories, brands and more"
                                                        aria-label="Search"
                                                        id="field-:R2dlajbnmnlb:"
                                                        class="chakra-input css-1zzknq"
                                                        name="search"
                                                        value=""
                                                    />
                                                    <div
                                                        class="chakra-input__right-element css-6o8fz2"
                                                    ></div>
                                                </div>
                                            </div>
                                        </div>
                                        <ul
                                            role="listbox"
                                            id="downshift-:Rlajbnmnlb:-menu"
                                            aria-labelledby="downshift-:Rlajbnmnlb:-label"
                                            class="absolute z-10 mt-1 max-h-80 w-full overflow-scroll bg-white p-0 shadow-md hidden css-155za0w"
                                        ></ul>
                                    </div>
                                </form>
                            </div>
                        </div>
                        <div class="css-5jv1ly">
                            <div class="chakra-skeleton css-cdkrf0">
                                <button
                                    type="button"
                                    class="chakra-button css-1cx8d07"
                                    aria-label="Sign in"
                                    aria-haspopup="dialog"
                                >
                                    Sign in
                                </button>
                            </div>
                        </div>
                    </div>
                </div>
                <div class="css-241re1">
                    <div class="chakra-container css-11vl7h3">
                        <div
                            class="grid gap-4 grid-rows-[auto_minmax(0,1fr)_auto] grid-cols-[60%_40%] css-0"
                        >
                            <div class="chakra-stack css-wpcv6r">
                                <div class="css-0">
                                    <h1 class="chakra-heading css-18j379d">
                                        Cheese, Cheddar, Shredded, Fancy, Mild,
                                        (4) - 106832
                                    </h1>
                                    <p class="chakra-text css-drbcjm">
                                        Cheswick
                                    </p>
                                </div>
                                <nav
                                    aria-label="breadcrumb"
                                    class="chakra-breadcrumb css-0"
                                >
                                    <ol
                                        class="chakra-breadcrumb__list css-70qvj9"
                                    >
                                        <li
                                            class="chakra-breadcrumb__list-item css-18biwo"
                                        >
                                            <a
                                                class="chakra-link chakra-breadcrumb__link css-1vtk5s8"
                                                href="/department/cheese/3365"
                                                >Cheese</a
                                            ><span
                                                role="presentation"
                                                class="css-t4q1nq"
                                                >/</span
                                            >
                                        </li>
                                        <li
                                            class="chakra-breadcrumb__list-item css-18biwo"
                                        >
                                            <a
                                                class="chakra-link chakra-breadcrumb__link css-1vtk5s8"
                                                href="/department/shredded-cheese/3525"
                                                >Shredded Cheese</a
                                            >
                                        </li>
                                    </ol>
                                </nav>
                            </div>
                            <form class="row-span-2 css-0" role="form">
                                <div
                                    class="relative shadow-md border rounded-lg p-4 sticky top-[100px] css-1811skr"
                                >
                                    <div class="chakra-stack css-1cyyl4u">
                                        <div class="css-2xph3x">
                                            <div class="chakra-card css-scnhj">
                                                <div
                                                    class="chakra-card__body css-1idwstw"
                                                >
                                                    <input
                                                        type="hidden"
                                                        name="variants.0.packageType"
                                                        value="CASE"
                                                    />
                                                    <div
                                                        role="group"
                                                        class="chakra-form-control css-1kxonj9"
                                                    >
                                                        <label
                                                            id="downshift-:rbe:-label"
                                                            for="downshift-:rbe:-input"
                                                            class="chakra-form__label css-g6pte"
                                                            ><div
                                                                class="css-132sgt"
                                                            >
                                                                <div
                                                                    class="chakra-stack css-9b3v6"
                                                                >
                                                                    <b
                                                                        class="chakra-text css-0"
                                                                        >Case</b
                                                                    ><span
                                                                        class="chakra-text css-jhncyh"
                                                                        >4
                                                                        Eaches</span
                                                                    >
                                                                </div>
                                                                <div
                                                                    class="css-1ktp5rg"
                                                                >
                                                                    <b
                                                                        class="chakra-text css-0"
                                                                        >$65.84</b
                                                                    ><span
                                                                        class="chakra-badge css-1mwp5d1"
                                                                        >$3.29/lb</span
                                                                    >
                                                                </div>
                                                            </div></label
                                                        >
                                                        <div
                                                            class="chakra-input__group css-1y0e7gb"
                                                            data-group="true"
                                                        >
                                                            <input
                                                                placeholder="Select quantity"
                                                                aria-label="Select quantity"
                                                                min="0"
                                                                aria-activedescendant=""
                                                                aria-autocomplete="list"
                                                                aria-controls="downshift-:rbe:-menu"
                                                                aria-expanded="false"
                                                                aria-labelledby="downshift-:rbe:-label"
                                                                autocomplete="off"
                                                                role="combobox"
                                                                id="downshift-:rbe:-input"
                                                                class="chakra-input css-gdngqd"
                                                                type="number"
                                                                value=""
                                                            />
                                                            <div
                                                                class="chakra-input__right-element css-1lds0jh"
                                                            >
                                                                <button
                                                                    type="button"
                                                                    class="chakra-button css-136kpqb"
                                                                    aria-label="Toggle menu"
                                                                    aria-controls="downshift-:rbe:-menu"
                                                                    aria-expanded="false"
                                                                    id="downshift-:rbe:-toggle-button"
                                                                    tabindex="-1"
                                                                >
                                                                    <svg
                                                                        viewBox="0 0 24 24"
                                                                        focusable="false"
                                                                        class="chakra-icon css-14bgo1y"
                                                                        aria-hidden="true"
                                                                    >
                                                                        <path
                                                                            fill="currentColor"
                                                                            d="M16.59 8.59L12 13.17 7.41 8.59 6 10l6 6 6-6z"
                                                                        ></path>
                                                                    </svg>
                                                                </button>
                                                            </div>
                                                        </div>
                                                        <div
                                                            role="listbox"
                                                            class="absolute w-full bg-white mt-1 shadow-md max-h-80 overflow-scroll z-20 [&amp;::-webkit-scrollbar]:w-1 [&amp;::-webkit-scrollbar-thumb]:bg-slate-200 !hidden css-1m6tpq1"
                                                            id="downshift-:rbe:-menu"
                                                            aria-labelledby="downshift-:rbe:-label"
                                                        ></div>
                                                    </div>
                                                </div>
                                            </div>
                                        </div>
                                        <div class="css-2xph3x">
                                            <div class="chakra-card css-scnhj">
                                                <div
                                                    class="chakra-card__body css-1idwstw"
                                                >
                                                    <input
                                                        type="hidden"
                                                        name="variants.1.packageType"
                                                        value="UNIT"
                                                    />
                                                    <div
                                                        role="group"
                                                        class="chakra-form-control css-1kxonj9"
                                                    >
                                                        <label
                                                            id="downshift-:rbg:-label"
                                                            for="downshift-:rbg:-input"
                                                            class="chakra-form__label css-g6pte"
                                                            ><div
                                                                class="css-132sgt"
                                                            >
                                                                <div
                                                                    class="chakra-stack css-9b3v6"
                                                                >
                                                                    <b
                                                                        class="chakra-text css-0"
                                                                        >Each</b
                                                                    >
                                                                </div>
                                                                <div
                                                                    class="css-1ktp5rg"
                                                                >
                                                                    <b
                                                                        class="chakra-text css-0"
                                                                        >$16.46</b
                                                                    ><span
                                                                        class="chakra-badge css-1mwp5d1"
                                                                        >$3.29/lb</span
                                                                    >
                                                                </div>
                                                            </div></label
                                                        >
                                                        <div
                                                            class="chakra-input__group css-1y0e7gb"
                                                            data-group="true"
                                                        >
                                                            <input
                                                                placeholder="Select quantity"
                                                                aria-label="Select quantity"
                                                                min="0"
                                                                aria-activedescendant=""
                                                                aria-autocomplete="list"
                                                                aria-controls="downshift-:rbg:-menu"
                                                                aria-expanded="false"
                                                                aria-labelledby="downshift-:rbg:-label"
                                                                autocomplete="off"
                                                                role="combobox"
                                                                id="downshift-:rbg:-input"
                                                                class="chakra-input css-gdngqd"
                                                                type="number"
                                                                value=""
                                                            />
                                                            <div
                                                                class="chakra-input__right-element css-1lds0jh"
                                                            >
                                                                <button
                                                                    type="button"
                                                                    class="chakra-button css-136kpqb"
                                                                    aria-label="Toggle menu"
                                                                    aria-controls="downshift-:rbg:-menu"
                                                                    aria-expanded="false"
                                                                    id="downshift-:rbg:-toggle-button"
                                                                    tabindex="-1"
                                                                >
                                                                    <svg
                                                                        viewBox="0 0 24 24"
                                                                        focusable="false"
                                                                        class="chakra-icon css-14bgo1y"
                                                                        aria-hidden="true"
                                                                    >
                                                                        <path
                                                                            fill="currentColor"
                                                                            d="M16.59 8.59L12 13.17 7.41 8.59 6 10l6 6 6-6z"
                                                                        ></path>
                                                                    </svg>
                                                                </button>
                                                            </div>
                                                        </div>
                                                        <div
                                                            role="listbox"
                                                            class="absolute w-full bg-white mt-1 shadow-md max-h-80 overflow-scroll z-20 [&amp;::-webkit-scrollbar]:w-1 [&amp;::-webkit-scrollbar-thumb]:bg-slate-200 !hidden css-1m6tpq1"
                                                            id="downshift-:rbg:-menu"
                                                            aria-labelledby="downshift-:rbg:-label"
                                                        ></div>
                                                    </div>
                                                </div>
                                            </div>
                                        </div>
                                        <div class="css-0">
                                            <div class="css-0">
                                                <button
                                                    type="submit"
                                                    class="chakra-button css-1usgwpt"
                                                >
                                                    Add to cart
                                                </button>
                                            </div>
                                        </div>
                                        <p class="chakra-text css-16whfyh">
                                            Order today, receive as early as
                                            today
                                        </p>
                                        <hr
                                            aria-orientation="horizontal"
                                            class="chakra-divider css-svjswr"
                                        />
                                        <div class="css-69i1ev">
                                            <div class="css-0">
                                                <b
                                                    class="chakra-text css-itvw0n"
                                                    >Buy this item often?</b
                                                >
                                                <p
                                                    class="chakra-text css-dw5ttn"
                                                >
                                                    Add it to a list for faster
                                                    shopping
                                                </p>
                                            </div>
                                            <div class="css-0">
                                                <div class="css-0">
                                                    <div
                                                        id="popover-trigger-:rbk:"
                                                        aria-haspopup="dialog"
                                                        aria-expanded="false"
                                                        aria-controls="popover-content-:rbk:"
                                                        class="css-0"
                                                    ></div>
                                                    <div
                                                        class="chakra-popover__popper css-iy22zq"
                                                        style="
                                                            visibility: hidden;
                                                            position: absolute;
                                                            min-width: max-content;
                                                            inset: 0px auto auto
                                                                0px;
                                                        "
                                                    >
                                                        <section
                                                            id="popover-content-:rbk:"
                                                            tabindex="-1"
                                                            role="dialog"
                                                            class="chakra-popover__content css-sjj62m"
                                                            style="
                                                                transform-origin: var(
                                                                    --popper-transform-origin
                                                                );
                                                                opacity: 0;
                                                                visibility: hidden;
                                                                transform: scale(
                                                                    0.95
                                                                );
                                                            "
                                                        ></section>
                                                    </div>
                                                    <button
                                                        type="button"
                                                        class="chakra-button chakra-menu__menu-button css-1wtemij"
                                                        aria-label="Add to list"
                                                        id="menu-button-:rbm:"
                                                        aria-expanded="false"
                                                        aria-haspopup="menu"
                                                        aria-controls="menu-list-:rbm:"
                                                    >
                                                        <span
                                                            class="chakra-button__icon css-1wh2kri"
                                                            ><svg
                                                                stroke="currentColor"
                                                                fill="currentColor"
                                                                stroke-width="0"
                                                                viewBox="0 0 24 24"
                                                                focusable="false"
                                                                class="chakra-icon css-14j11yo"
                                                                aria-hidden="true"
                                                                height="1em"
                                                                width="1em"
                                                                xmlns="http://www.w3.org/2000/svg"
                                                            >
                                                                <path
                                                                    d="M18 2H6c-1.103 0-2 .897-2 2v18l8-4.572L20 22V4c0-1.103-.897-2-2-2zm0 16.553-6-3.428-6 3.428V4h12v14.553z"
                                                                ></path></svg></span
                                                        ><span
                                                            class="css-xl71ch"
                                                            >Add to List</span
                                                        >
                                                    </button>
                                                    <div
                                                        class="css-ktd6ms"
                                                        style="
                                                            visibility: hidden;
                                                            position: absolute;
                                                            min-width: max-content;
                                                            inset: 0px auto auto
                                                                0px;
                                                        "
                                                    >
                                                        <div
                                                            role="menu"
                                                            aria-label="Lists options"
                                                            tabindex="-1"
                                                            id="menu-list-:rbm:"
                                                            aria-orientation="vertical"
                                                            class="chakra-menu__menu-list css-s5t7bz"
                                                            style="
                                                                transform-origin: var(
                                                                    --popper-transform-origin
                                                                );
                                                                opacity: 0;
                                                                visibility: hidden;
                                                                transform: scale(
                                                                    0.8
                                                                );
                                                            "
                                                        >
                                                            <button
                                                                type="button"
                                                                aria-label="Create new list"
                                                                id="menu-list-:rbm:-menuitem-:rbn:"
                                                                role="menuitem"
                                                                tabindex="-1"
                                                                class="chakra-menu__menuitem css-y7jzs3"
                                                                data-index="0"
                                                            >
                                                                <div
                                                                    class="css-1vakbk4"
                                                                >
                                                                    <p
                                                                        class="chakra-text w-2 h-2 rounded-sm css-0"
                                                                    >
                                                                        +
                                                                    </p>
                                                                    <p
                                                                        class="chakra-text css-1eif5ff"
                                                                    >
                                                                        Create
                                                                        new list
                                                                    </p>
                                                                </div>
                                                            </button>
                                                        </div>
                                                    </div>
                                                </div>
                                            </div>
                                        </div>
                                    </div>
                                    <div class="css-2xph3x">
                                        <hr
                                            aria-orientation="horizontal"
                                            class="chakra-divider css-svjswr"
                                        />
                                        <div class="css-1811skr">
                                            <div class="css-1lekzkb">
                                                <h4
                                                    class="chakra-heading css-o8iskg"
                                                >
                                                    Related items
                                                </h4>
                                                <div
                                                    role="group"
                                                    class="chakra-button__group css-1ypqa85"
                                                    data-orientation="horizontal"
                                                >
                                                    <button
                                                        disabled=""
                                                        type="button"
                                                        class="chakra-button css-xblsqq"
                                                        aria-label="Previous"
                                                    >
                                                        <svg
                                                            viewBox="0 0 24 24"
                                                            focusable="false"
                                                            class="chakra-icon css-n5gr1q"
                                                            aria-hidden="true"
                                                        >
                                                            <path
                                                                fill="currentColor"
                                                                d="M15.41 7.41L14 6l-6 6 6 6 1.41-1.41L10.83 12z"
                                                            ></path>
                                                        </svg></button
                                                    ><button
                                                        disabled=""
                                                        type="button"
                                                        class="chakra-button css-xblsqq"
                                                        aria-label="Next"
                                                    >
                                                        <svg
                                                            viewBox="0 0 24 24"
                                                            focusable="false"
                                                            class="chakra-icon css-n5gr1q"
                                                            aria-hidden="true"
                                                        >
                                                            <path
                                                                fill="currentColor"
                                                                d="M10 6L8.59 7.41 13.17 12l-4.58 4.59L10 18l6-6z"
                                                            ></path>
                                                        </svg>
                                                    </button>
                                                </div>
                                            </div>
                                            <div class="-mx-2 css-0">
                                                <div class="css-1ydflst">
                                                    <div class="css-0">
                                                        <a
                                                            class="chakra-card group css-5pmr4x"
                                                            role="link"
                                                            href="/sku/cheese-cheddar-mild-sliced-8-103600/103600"
                                                            ><div
                                                                class="chakra-card__body css-1idwstw"
                                                            >
                                                                <div
                                                                    class="relative css-1bpq4gx"
                                                                >
                                                                    <div
                                                                        class="absolute right-0 z-10 css-0"
                                                                    >
                                                                        <div
                                                                            class="css-ckyhk3"
                                                                        >
                                                                            <div
                                                                                role="group"
                                                                                class="chakra-button__group css-1ind3v2"
                                                                                data-orientation="horizontal"
                                                                            >
                                                                                <button
                                                                                    type="button"
                                                                                    class="chakra-button shadow-elevation-1 css-1lbuwe"
                                                                                    aria-label="Add to cart"
                                                                                >
                                                                                    <svg
                                                                                        stroke="currentColor"
                                                                                        fill="currentColor"
                                                                                        stroke-width="0"
                                                                                        viewBox="0 0 16 16"
                                                                                        focusable="false"
                                                                                        class="chakra-icon css-6ey7w3"
                                                                                        aria-hidden="true"
                                                                                        height="1em"
                                                                                        width="1em"
                                                                                        xmlns="http://www.w3.org/2000/svg"
                                                                                    >
                                                                                        <path
                                                                                            d="M8 4a.5.5 0 0 1 .5.5v3h3a.5.5 0 0 1 0 1h-3v3a.5.5 0 0 1-1 0v-3h-3a.5.5 0 0 1 0-1h3v-3A.5.5 0 0 1 8 4"
                                                                                        ></path>
                                                                                    </svg>
                                                                                </button>
                                                                            </div>
                                                                        </div>
                                                                    </div>
                                                                    <div
                                                                        class="relative h-full css-0"
                                                                    >
                                                                        <img
                                                                            alt="Cheese, Cheddar, Mild, Sliced, (8) - 103600"
                                                                            decoding="async"
                                                                            data-nimg="fill"
                                                                            class="object-contain object-top"
                                                                            sizes="auto"
                                                                            srcset="
                                                                                /_next/image?url=%2Fimg%2Fproduct_placeholder.png&amp;w=16&amp;q=50     16w,
                                                                                /_next/image?url=%2Fimg%2Fproduct_placeholder.png&amp;w=32&amp;q=50     32w,
                                                                                /_next/image?url=%2Fimg%2Fproduct_placeholder.png&amp;w=48&amp;q=50     48w,
                                                                                /_next/image?url=%2Fimg%2Fproduct_placeholder.png&amp;w=64&amp;q=50     64w,
                                                                                /_next/image?url=%2Fimg%2Fproduct_placeholder.png&amp;w=96&amp;q=50     96w,
                                                                                /_next/image?url=%2Fimg%2Fproduct_placeholder.png&amp;w=128&amp;q=50   128w,
                                                                                /_next/image?url=%2Fimg%2Fproduct_placeholder.png&amp;w=256&amp;q=50   256w,
                                                                                /_next/image?url=%2Fimg%2Fproduct_placeholder.png&amp;w=384&amp;q=50   384w,
                                                                                /_next/image?url=%2Fimg%2Fproduct_placeholder.png&amp;w=640&amp;q=50   640w,
                                                                                /_next/image?url=%2Fimg%2Fproduct_placeholder.png&amp;w=750&amp;q=50   750w,
                                                                                /_next/image?url=%2Fimg%2Fproduct_placeholder.png&amp;w=828&amp;q=50   828w,
                                                                                /_next/image?url=%2Fimg%2Fproduct_placeholder.png&amp;w=1080&amp;q=50 1080w,
                                                                                /_next/image?url=%2Fimg%2Fproduct_placeholder.png&amp;w=1200&amp;q=50 1200w,
                                                                                /_next/image?url=%2Fimg%2Fproduct_placeholder.png&amp;w=1920&amp;q=50 1920w,
                                                                                /_next/image?url=%2Fimg%2Fproduct_placeholder.png&amp;w=2048&amp;q=50 2048w,
                                                                                /_next/image?url=%2Fimg%2Fproduct_placeholder.png&amp;w=3840&amp;q=50 3840w
                                                                            "
                                                                            src="/_next/image?url=%2Fimg%2Fproduct_placeholder.png&amp;w=3840&amp;q=50"
                                                                            style="
                                                                                position: absolute;
                                                                                height: 100%;
                                                                                width: 100%;
                                                                                inset: 0px;
                                                                                color: transparent;
                                                                            "
                                                                        />
                                                                    </div>
                                                                    <div
                                                                        class="css-o2ldmt"
                                                                    >
                                                                        <p
                                                                            class="chakra-text css-pbtft"
                                                                        >
                                                                            Cheese,
                                                                            Cheddar,
                                                                            Mild,
                                                                            Sliced,
                                                                            (8)
                                                                            -
                                                                            103600
                                                                        </p>
                                                                        <p
                                                                            class="chakra-text css-w6ttxb"
                                                                        >
                                                                            California
                                                                            Select
                                                                            Farms
                                                                        </p>
                                                                        <div
                                                                            class="css-o2ldmt"
                                                                        >
                                                                            <div
                                                                                class="css-zibc0q"
                                                                            >
                                                                                <div
                                                                                    class="css-j6qzfh"
                                                                                >
                                                                                    <b
                                                                                        class="chakra-text css-1vhzs63"
                                                                                        >$6.89</b
                                                                                    ><span
                                                                                        class="chakra-badge css-ff7g47"
                                                                                        >$4.59/lb</span
                                                                                    >
                                                                                </div>
                                                                            </div>
                                                                        </div>
                                                                    </div>
                                                                </div>
                                                            </div></a
                                                        >
                                                    </div>
                                                    <div class="css-0">
                                                        <a
                                                            class="chakra-card group css-5pmr4x"
                                                            role="link"
                                                            href="/sku/cheese-cheddar-mild-loaf-8-5-lb-103670/103670"
                                                            ><div
                                                                class="chakra-card__body css-1idwstw"
                                                            >
                                                                <div
                                                                    class="relative css-1bpq4gx"
                                                                >
                                                                    <div
                                                                        class="absolute right-0 z-10 css-0"
                                                                    >
                                                                        <div
                                                                            class="css-ckyhk3"
                                                                        >
                                                                            <div
                                                                                role="group"
                                                                                class="chakra-button__group css-1ind3v2"
                                                                                data-orientation="horizontal"
                                                                            >
                                                                                <button
                                                                                    type="button"
                                                                                    class="chakra-button shadow-elevation-1 css-1lbuwe"
                                                                                    aria-label="Add to cart"
                                                                                >
                                                                                    <svg
                                                                                        stroke="currentColor"
                                                                                        fill="currentColor"
                                                                                        stroke-width="0"
                                                                                        viewBox="0 0 16 16"
                                                                                        focusable="false"
                                                                                        class="chakra-icon css-6ey7w3"
                                                                                        aria-hidden="true"
                                                                                        height="1em"
                                                                                        width="1em"
                                                                                        xmlns="http://www.w3.org/2000/svg"
                                                                                    >
                                                                                        <path
                                                                                            d="M8 4a.5.5 0 0 1 .5.5v3h3a.5.5 0 0 1 0 1h-3v3a.5.5 0 0 1-1 0v-3h-3a.5.5 0 0 1 0-1h3v-3A.5.5 0 0 1 8 4"
                                                                                        ></path>
                                                                                    </svg>
                                                                                </button>
                                                                            </div>
                                                                        </div>
                                                                    </div>
                                                                    <div
                                                                        class="relative h-full css-0"
                                                                    >
                                                                        <img
                                                                            alt="Cheese, Cheddar, Mild, Loaf, (8) 5 Lb - 103670"
                                                                            decoding="async"
                                                                            data-nimg="fill"
                                                                            class="object-contain object-top"
                                                                            sizes="auto"
                                                                            srcset="
                                                                                /_next/image?url=%2Fimg%2Fproduct_placeholder.png&amp;w=16&amp;q=50     16w,
                                                                                /_next/image?url=%2Fimg%2Fproduct_placeholder.png&amp;w=32&amp;q=50     32w,
                                                                                /_next/image?url=%2Fimg%2Fproduct_placeholder.png&amp;w=48&amp;q=50     48w,
                                                                                /_next/image?url=%2Fimg%2Fproduct_placeholder.png&amp;w=64&amp;q=50     64w,
                                                                                /_next/image?url=%2Fimg%2Fproduct_placeholder.png&amp;w=96&amp;q=50     96w,
                                                                                /_next/image?url=%2Fimg%2Fproduct_placeholder.png&amp;w=128&amp;q=50   128w,
                                                                                /_next/image?url=%2Fimg%2Fproduct_placeholder.png&amp;w=256&amp;q=50   256w,
                                                                                /_next/image?url=%2Fimg%2Fproduct_placeholder.png&amp;w=384&amp;q=50   384w,
                                                                                /_next/image?url=%2Fimg%2Fproduct_placeholder.png&amp;w=640&amp;q=50   640w,
                                                                                /_next/image?url=%2Fimg%2Fproduct_placeholder.png&amp;w=750&amp;q=50   750w,
                                                                                /_next/image?url=%2Fimg%2Fproduct_placeholder.png&amp;w=828&amp;q=50   828w,
                                                                                /_next/image?url=%2Fimg%2Fproduct_placeholder.png&amp;w=1080&amp;q=50 1080w,
                                                                                /_next/image?url=%2Fimg%2Fproduct_placeholder.png&amp;w=1200&amp;q=50 1200w,
                                                                                /_next/image?url=%2Fimg%2Fproduct_placeholder.png&amp;w=1920&amp;q=50 1920w,
                                                                                /_next/image?url=%2Fimg%2Fproduct_placeholder.png&amp;w=2048&amp;q=50 2048w,
                                                                                /_next/image?url=%2Fimg%2Fproduct_placeholder.png&amp;w=3840&amp;q=50 3840w
                                                                            "
                                                                            src="/_next/image?url=%2Fimg%2Fproduct_placeholder.png&amp;w=3840&amp;q=50"
                                                                            style="
                                                                                position: absolute;
                                                                                height: 100%;
                                                                                width: 100%;
                                                                                inset: 0px;
                                                                                color: transparent;
                                                                            "
                                                                        />
                                                                    </div>
                                                                    <div
                                                                        class="css-o2ldmt"
                                                                    >
                                                                        <p
                                                                            class="chakra-text css-pbtft"
                                                                        >
                                                                            Cheese,
                                                                            Cheddar,
                                                                            Mild,
                                                                            Loaf,
                                                                            (8)
                                                                            5 Lb
                                                                            -
                                                                            103670
                                                                        </p>
                                                                        <p
                                                                            class="chakra-text css-w6ttxb"
                                                                        >
                                                                            Cheswick
                                                                        </p>
                                                                        <div
                                                                            class="css-o2ldmt"
                                                                        >
                                                                            <div
                                                                                class="css-zibc0q"
                                                                            >
                                                                                <div
                                                                                    class="css-j6qzfh"
                                                                                >
                                                                                    <b
                                                                                        class="chakra-text css-1vhzs63"
                                                                                        >$16.99</b
                                                                                    ><span
                                                                                        class="chakra-badge css-ff7g47"
                                                                                        >$3.40/lb</span
                                                                                    >
                                                                                </div>
                                                                            </div>
                                                                        </div>
                                                                    </div>
                                                                </div>
                                                            </div></a
                                                        >
                                                    </div>
                                                </div>
                                            </div>
                                        </div>
                                    </div>
                                </div>
                            </form>
                            <div class="chakra-stack css-42ki38">
                                <div class="chakra-tabs css-1xpribl">
                                    <div
                                        class="chakra-tabs__tab-panels css-8atqhb"
                                    >
                                        <div
                                            tabindex="0"
                                            role="tabpanel"
                                            aria-labelledby="tabs-:rbq:--tab-0"
                                            id="tabs-:rbq:--tabpanel-0"
                                            class="chakra-tabs__tab-panel css-a5mhaz"
                                        >
                                            <div class="relative h-80 css-0">
                                                <img
                                                    alt="Cheese, Cheddar, Shredded, Fancy, Mild, (4) - 106832"
                                                    decoding="async"
                                                    data-nimg="fill"
                                                    class="object-contain transition-opacity opacity-0 opacity-100"
                                                    sizes="auto"
                                                    srcset="
                                                        /_next/image?url=https%3A%2F%2Fd3tlizm80tjdt4.cloudfront.net%2Fimage%2F3523%2Fimage%2Flg-90fd6ac8b80a54f0d88d5efcfa684530.jpg&amp;w=16&amp;q=60     16w,
                                                        /_next/image?url=https%3A%2F%2Fd3tlizm80tjdt4.cloudfront.net%2Fimage%2F3523%2Fimage%2Flg-90fd6ac8b80a54f0d88d5efcfa684530.jpg&amp;w=32&amp;q=60     32w,
                                                        /_next/image?url=https%3A%2F%2Fd3tlizm80tjdt4.cloudfront.net%2Fimage%2F3523%2Fimage%2Flg-90fd6ac8b80a54f0d88d5efcfa684530.jpg&amp;w=48&amp;q=60     48w,
                                                        /_next/image?url=https%3A%2F%2Fd3tlizm80tjdt4.cloudfront.net%2Fimage%2F3523%2Fimage%2Flg-90fd6ac8b80a54f0d88d5efcfa684530.jpg&amp;w=64&amp;q=60     64w,
                                                        /_next/image?url=https%3A%2F%2Fd3tlizm80tjdt4.cloudfront.net%2Fimage%2F3523%2Fimage%2Flg-90fd6ac8b80a54f0d88d5efcfa684530.jpg&amp;w=96&amp;q=60     96w,
                                                        /_next/image?url=https%3A%2F%2Fd3tlizm80tjdt4.cloudfront.net%2Fimage%2F3523%2Fimage%2Flg-90fd6ac8b80a54f0d88d5efcfa684530.jpg&amp;w=128&amp;q=60   128w,
                                                        /_next/image?url=https%3A%2F%2Fd3tlizm80tjdt4.cloudfront.net%2Fimage%2F3523%2Fimage%2Flg-90fd6ac8b80a54f0d88d5efcfa684530.jpg&amp;w=256&amp;q=60   256w,
                                                        /_next/image?url=https%3A%2F%2Fd3tlizm80tjdt4.cloudfront.net%2Fimage%2F3523%2Fimage%2Flg-90fd6ac8b80a54f0d88d5efcfa684530.jpg&amp;w=384&amp;q=60   384w,
                                                        /_next/image?url=https%3A%2F%2Fd3tlizm80tjdt4.cloudfront.net%2Fimage%2F3523%2Fimage%2Flg-90fd6ac8b80a54f0d88d5efcfa684530.jpg&amp;w=640&amp;q=60   640w,
                                                        /_next/image?url=https%3A%2F%2Fd3tlizm80tjdt4.cloudfront.net%2Fimage%2F3523%2Fimage%2Flg-90fd6ac8b80a54f0d88d5efcfa684530.jpg&amp;w=750&amp;q=60   750w,
                                                        /_next/image?url=https%3A%2F%2Fd3tlizm80tjdt4.cloudfront.net%2Fimage%2F3523%2Fimage%2Flg-90fd6ac8b80a54f0d88d5efcfa684530.jpg&amp;w=828&amp;q=60   828w,
                                                        /_next/image?url=https%3A%2F%2Fd3tlizm80tjdt4.cloudfront.net%2Fimage%2F3523%2Fimage%2Flg-90fd6ac8b80a54f0d88d5efcfa684530.jpg&amp;w=1080&amp;q=60 1080w,
                                                        /_next/image?url=https%3A%2F%2Fd3tlizm80tjdt4.cloudfront.net%2Fimage%2F3523%2Fimage%2Flg-90fd6ac8b80a54f0d88d5efcfa684530.jpg&amp;w=1200&amp;q=60 1200w,
                                                        /_next/image?url=https%3A%2F%2Fd3tlizm80tjdt4.cloudfront.net%2Fimage%2F3523%2Fimage%2Flg-90fd6ac8b80a54f0d88d5efcfa684530.jpg&amp;w=1920&amp;q=60 1920w,
                                                        /_next/image?url=https%3A%2F%2Fd3tlizm80tjdt4.cloudfront.net%2Fimage%2F3523%2Fimage%2Flg-90fd6ac8b80a54f0d88d5efcfa684530.jpg&amp;w=2048&amp;q=60 2048w,
                                                        /_next/image?url=https%3A%2F%2Fd3tlizm80tjdt4.cloudfront.net%2Fimage%2F3523%2Fimage%2Flg-90fd6ac8b80a54f0d88d5efcfa684530.jpg&amp;w=3840&amp;q=60 3840w
                                                    "
                                                    src="/_next/image?url=https%3A%2F%2Fd3tlizm80tjdt4.cloudfront.net%2Fimage%2F3523%2Fimage%2Flg-90fd6ac8b80a54f0d88d5efcfa684530.jpg&amp;w=3840&amp;q=60"
                                                    style="
                                                        position: absolute;
                                                        height: 100%;
                                                        width: 100%;
                                                        inset: 0px;
                                                        color: transparent;
                                                    "
                                                />
                                            </div>
                                        </div>
                                        <div
                                            tabindex="0"
                                            role="tabpanel"
                                            aria-labelledby="tabs-:rbq:--tab-1"
                                            id="tabs-:rbq:--tabpanel-1"
                                            class="chakra-tabs__tab-panel css-a5mhaz"
                                            hidden=""
                                        >
                                            <div class="relative h-80 css-0">
                                                <img
                                                    alt="Cheese, Cheddar, Shredded, Fancy, Mild, (4) - 106832"
                                                    loading="lazy"
                                                    decoding="async"
                                                    data-nimg="fill"
                                                    class="object-contain transition-opacity opacity-0 opacity-100"
                                                    sizes="auto"
                                                    srcset="
                                                        /_next/image?url=https%3A%2F%2Fd3tlizm80tjdt4.cloudfront.net%2Fimage%2F15193%2Fimage%2Flg-f91e5365097700b7f1a0e2a80e51be11.png&amp;w=16&amp;q=60     16w,
                                                        /_next/image?url=https%3A%2F%2Fd3tlizm80tjdt4.cloudfront.net%2Fimage%2F15193%2Fimage%2Flg-f91e5365097700b7f1a0e2a80e51be11.png&amp;w=32&amp;q=60     32w,
                                                        /_next/image?url=https%3A%2F%2Fd3tlizm80tjdt4.cloudfront.net%2Fimage%2F15193%2Fimage%2Flg-f91e5365097700b7f1a0e2a80e51be11.png&amp;w=48&amp;q=60     48w,
                                                        /_next/image?url=https%3A%2F%2Fd3tlizm80tjdt4.cloudfront.net%2Fimage%2F15193%2Fimage%2Flg-f91e5365097700b7f1a0e2a80e51be11.png&amp;w=64&amp;q=60     64w,
                                                        /_next/image?url=https%3A%2F%2Fd3tlizm80tjdt4.cloudfront.net%2Fimage%2F15193%2Fimage%2Flg-f91e5365097700b7f1a0e2a80e51be11.png&amp;w=96&amp;q=60     96w,
                                                        /_next/image?url=https%3A%2F%2Fd3tlizm80tjdt4.cloudfront.net%2Fimage%2F15193%2Fimage%2Flg-f91e5365097700b7f1a0e2a80e51be11.png&amp;w=128&amp;q=60   128w,
                                                        /_next/image?url=https%3A%2F%2Fd3tlizm80tjdt4.cloudfront.net%2Fimage%2F15193%2Fimage%2Flg-f91e5365097700b7f1a0e2a80e51be11.png&amp;w=256&amp;q=60   256w,
                                                        /_next/image?url=https%3A%2F%2Fd3tlizm80tjdt4.cloudfront.net%2Fimage%2F15193%2Fimage%2Flg-f91e5365097700b7f1a0e2a80e51be11.png&amp;w=384&amp;q=60   384w,
                                                        /_next/image?url=https%3A%2F%2Fd3tlizm80tjdt4.cloudfront.net%2Fimage%2F15193%2Fimage%2Flg-f91e5365097700b7f1a0e2a80e51be11.png&amp;w=640&amp;q=60   640w,
                                                        /_next/image?url=https%3A%2F%2Fd3tlizm80tjdt4.cloudfront.net%2Fimage%2F15193%2Fimage%2Flg-f91e5365097700b7f1a0e2a80e51be11.png&amp;w=750&amp;q=60   750w,
                                                        /_next/image?url=https%3A%2F%2Fd3tlizm80tjdt4.cloudfront.net%2Fimage%2F15193%2Fimage%2Flg-f91e5365097700b7f1a0e2a80e51be11.png&amp;w=828&amp;q=60   828w,
                                                        /_next/image?url=https%3A%2F%2Fd3tlizm80tjdt4.cloudfront.net%2Fimage%2F15193%2Fimage%2Flg-f91e5365097700b7f1a0e2a80e51be11.png&amp;w=1080&amp;q=60 1080w,
                                                        /_next/image?url=https%3A%2F%2Fd3tlizm80tjdt4.cloudfront.net%2Fimage%2F15193%2Fimage%2Flg-f91e5365097700b7f1a0e2a80e51be11.png&amp;w=1200&amp;q=60 1200w,
                                                        /_next/image?url=https%3A%2F%2Fd3tlizm80tjdt4.cloudfront.net%2Fimage%2F15193%2Fimage%2Flg-f91e5365097700b7f1a0e2a80e51be11.png&amp;w=1920&amp;q=60 1920w,
                                                        /_next/image?url=https%3A%2F%2Fd3tlizm80tjdt4.cloudfront.net%2Fimage%2F15193%2Fimage%2Flg-f91e5365097700b7f1a0e2a80e51be11.png&amp;w=2048&amp;q=60 2048w,
                                                        /_next/image?url=https%3A%2F%2Fd3tlizm80tjdt4.cloudfront.net%2Fimage%2F15193%2Fimage%2Flg-f91e5365097700b7f1a0e2a80e51be11.png&amp;w=3840&amp;q=60 3840w
                                                    "
                                                    src="/_next/image?url=https%3A%2F%2Fd3tlizm80tjdt4.cloudfront.net%2Fimage%2F15193%2Fimage%2Flg-f91e5365097700b7f1a0e2a80e51be11.png&amp;w=3840&amp;q=60"
                                                    style="
                                                        position: absolute;
                                                        height: 100%;
                                                        width: 100%;
                                                        inset: 0px;
                                                        color: transparent;
                                                    "
                                                />
                                            </div>
                                        </div>
                                        <div
                                            tabindex="0"
                                            role="tabpanel"
                                            aria-labelledby="tabs-:rbq:--tab-2"
                                            id="tabs-:rbq:--tabpanel-2"
                                            class="chakra-tabs__tab-panel css-a5mhaz"
                                            hidden=""
                                        >
                                            <div class="relative h-80 css-0">
                                                <img
                                                    alt="Cheese, Cheddar, Shredded, Fancy, Mild, (4) - 106832"
                                                    loading="lazy"
                                                    decoding="async"
                                                    data-nimg="fill"
                                                    class="object-contain transition-opacity opacity-0 opacity-100"
                                                    sizes="auto"
                                                    srcset="
                                                        /_next/image?url=https%3A%2F%2Fd3tlizm80tjdt4.cloudfront.net%2Fimage%2F11508%2Fimage%2Flg-8d9b52fb082b69cb158e8ac6ea5d9633.jpeg&amp;w=16&amp;q=60     16w,
                                                        /_next/image?url=https%3A%2F%2Fd3tlizm80tjdt4.cloudfront.net%2Fimage%2F11508%2Fimage%2Flg-8d9b52fb082b69cb158e8ac6ea5d9633.jpeg&amp;w=32&amp;q=60     32w,
                                                        /_next/image?url=https%3A%2F%2Fd3tlizm80tjdt4.cloudfront.net%2Fimage%2F11508%2Fimage%2Flg-8d9b52fb082b69cb158e8ac6ea5d9633.jpeg&amp;w=48&amp;q=60     48w,
                                                        /_next/image?url=https%3A%2F%2Fd3tlizm80tjdt4.cloudfront.net%2Fimage%2F11508%2Fimage%2Flg-8d9b52fb082b69cb158e8ac6ea5d9633.jpeg&amp;w=64&amp;q=60     64w,
                                                        /_next/image?url=https%3A%2F%2Fd3tlizm80tjdt4.cloudfront.net%2Fimage%2F11508%2Fimage%2Flg-8d9b52fb082b69cb158e8ac6ea5d9633.jpeg&amp;w=96&amp;q=60     96w,
                                                        /_next/image?url=https%3A%2F%2Fd3tlizm80tjdt4.cloudfront.net%2Fimage%2F11508%2Fimage%2Flg-8d9b52fb082b69cb158e8ac6ea5d9633.jpeg&amp;w=128&amp;q=60   128w,
                                                        /_next/image?url=https%3A%2F%2Fd3tlizm80tjdt4.cloudfront.net%2Fimage%2F11508%2Fimage%2Flg-8d9b52fb082b69cb158e8ac6ea5d9633.jpeg&amp;w=256&amp;q=60   256w,
                                                        /_next/image?url=https%3A%2F%2Fd3tlizm80tjdt4.cloudfront.net%2Fimage%2F11508%2Fimage%2Flg-8d9b52fb082b69cb158e8ac6ea5d9633.jpeg&amp;w=384&amp;q=60   384w,
                                                        /_next/image?url=https%3A%2F%2Fd3tlizm80tjdt4.cloudfront.net%2Fimage%2F11508%2Fimage%2Flg-8d9b52fb082b69cb158e8ac6ea5d9633.jpeg&amp;w=640&amp;q=60   640w,
                                                        /_next/image?url=https%3A%2F%2Fd3tlizm80tjdt4.cloudfront.net%2Fimage%2F11508%2Fimage%2Flg-8d9b52fb082b69cb158e8ac6ea5d9633.jpeg&amp;w=750&amp;q=60   750w,
                                                        /_next/image?url=https%3A%2F%2Fd3tlizm80tjdt4.cloudfront.net%2Fimage%2F11508%2Fimage%2Flg-8d9b52fb082b69cb158e8ac6ea5d9633.jpeg&amp;w=828&amp;q=60   828w,
                                                        /_next/image?url=https%3A%2F%2Fd3tlizm80tjdt4.cloudfront.net%2Fimage%2F11508%2Fimage%2Flg-8d9b52fb082b69cb158e8ac6ea5d9633.jpeg&amp;w=1080&amp;q=60 1080w,
                                                        /_next/image?url=https%3A%2F%2Fd3tlizm80tjdt4.cloudfront.net%2Fimage%2F11508%2Fimage%2Flg-8d9b52fb082b69cb158e8ac6ea5d9633.jpeg&amp;w=1200&amp;q=60 1200w,
                                                        /_next/image?url=https%3A%2F%2Fd3tlizm80tjdt4.cloudfront.net%2Fimage%2F11508%2Fimage%2Flg-8d9b52fb082b69cb158e8ac6ea5d9633.jpeg&amp;w=1920&amp;q=60 1920w,
                                                        /_next/image?url=https%3A%2F%2Fd3tlizm80tjdt4.cloudfront.net%2Fimage%2F11508%2Fimage%2Flg-8d9b52fb082b69cb158e8ac6ea5d9633.jpeg&amp;w=2048&amp;q=60 2048w,
                                                        /_next/image?url=https%3A%2F%2Fd3tlizm80tjdt4.cloudfront.net%2Fimage%2F11508%2Fimage%2Flg-8d9b52fb082b69cb158e8ac6ea5d9633.jpeg&amp;w=3840&amp;q=60 3840w
                                                    "
                                                    src="/_next/image?url=https%3A%2F%2Fd3tlizm80tjdt4.cloudfront.net%2Fimage%2F11508%2Fimage%2Flg-8d9b52fb082b69cb158e8ac6ea5d9633.jpeg&amp;w=3840&amp;q=60"
                                                    style="
                                                        position: absolute;
                                                        height: 100%;
                                                        width: 100%;
                                                        inset: 0px;
                                                        color: transparent;
                                                    "
                                                />
                                            </div>
                                        </div>
                                    </div>
                                    <div
                                        class="chakra-tabs__tablist mt-2 css-wjy2tx"
                                        role="tablist"
                                        aria-orientation="horizontal"
                                    >
                                        <button
                                            class="chakra-tabs__tab border css-2jmkdc"
                                            type="button"
                                            aria-disabled="false"
                                            id="tabs-:rbq:--tab-0"
                                            role="tab"
                                            tabindex="0"
                                            aria-selected="true"
                                            aria-controls="tabs-:rbq:--tabpanel-0"
                                            data-index="0"
                                        >
                                            <div
                                                class="relative w-10 h-10 css-0"
                                            >
                                                <img
                                                    alt="Cheese, Cheddar, Shredded, Fancy, Mild, (4) - 106832"
                                                    loading="lazy"
                                                    decoding="async"
                                                    data-nimg="fill"
                                                    class="object-contain transition-opacity opacity-0 opacity-100"
                                                    sizes="auto"
                                                    srcset="
                                                        /_next/image?url=https%3A%2F%2Fd3tlizm80tjdt4.cloudfront.net%2Fimage%2F3523%2Fimage%2Fsm-8c0633f6cbe02f5223ebf8dccd214838.jpg&amp;w=16&amp;q=75     16w,
                                                        /_next/image?url=https%3A%2F%2Fd3tlizm80tjdt4.cloudfront.net%2Fimage%2F3523%2Fimage%2Fsm-8c0633f6cbe02f5223ebf8dccd214838.jpg&amp;w=32&amp;q=75     32w,
                                                        /_next/image?url=https%3A%2F%2Fd3tlizm80tjdt4.cloudfront.net%2Fimage%2F3523%2Fimage%2Fsm-8c0633f6cbe02f5223ebf8dccd214838.jpg&amp;w=48&amp;q=75     48w,
                                                        /_next/image?url=https%3A%2F%2Fd3tlizm80tjdt4.cloudfront.net%2Fimage%2F3523%2Fimage%2Fsm-8c0633f6cbe02f5223ebf8dccd214838.jpg&amp;w=64&amp;q=75     64w,
                                                        /_next/image?url=https%3A%2F%2Fd3tlizm80tjdt4.cloudfront.net%2Fimage%2F3523%2Fimage%2Fsm-8c0633f6cbe02f5223ebf8dccd214838.jpg&amp;w=96&amp;q=75     96w,
                                                        /_next/image?url=https%3A%2F%2Fd3tlizm80tjdt4.cloudfront.net%2Fimage%2F3523%2Fimage%2Fsm-8c0633f6cbe02f5223ebf8dccd214838.jpg&amp;w=128&amp;q=75   128w,
                                                        /_next/image?url=https%3A%2F%2Fd3tlizm80tjdt4.cloudfront.net%2Fimage%2F3523%2Fimage%2Fsm-8c0633f6cbe02f5223ebf8dccd214838.jpg&amp;w=256&amp;q=75   256w,
                                                        /_next/image?url=https%3A%2F%2Fd3tlizm80tjdt4.cloudfront.net%2Fimage%2F3523%2Fimage%2Fsm-8c0633f6cbe02f5223ebf8dccd214838.jpg&amp;w=384&amp;q=75   384w,
                                                        /_next/image?url=https%3A%2F%2Fd3tlizm80tjdt4.cloudfront.net%2Fimage%2F3523%2Fimage%2Fsm-8c0633f6cbe02f5223ebf8dccd214838.jpg&amp;w=640&amp;q=75   640w,
                                                        /_next/image?url=https%3A%2F%2Fd3tlizm80tjdt4.cloudfront.net%2Fimage%2F3523%2Fimage%2Fsm-8c0633f6cbe02f5223ebf8dccd214838.jpg&amp;w=750&amp;q=75   750w,
                                                        /_next/image?url=https%3A%2F%2Fd3tlizm80tjdt4.cloudfront.net%2Fimage%2F3523%2Fimage%2Fsm-8c0633f6cbe02f5223ebf8dccd214838.jpg&amp;w=828&amp;q=75   828w,
                                                        /_next/image?url=https%3A%2F%2Fd3tlizm80tjdt4.cloudfront.net%2Fimage%2F3523%2Fimage%2Fsm-8c0633f6cbe02f5223ebf8dccd214838.jpg&amp;w=1080&amp;q=75 1080w,
                                                        /_next/image?url=https%3A%2F%2Fd3tlizm80tjdt4.cloudfront.net%2Fimage%2F3523%2Fimage%2Fsm-8c0633f6cbe02f5223ebf8dccd214838.jpg&amp;w=1200&amp;q=75 1200w,
                                                        /_next/image?url=https%3A%2F%2Fd3tlizm80tjdt4.cloudfront.net%2Fimage%2F3523%2Fimage%2Fsm-8c0633f6cbe02f5223ebf8dccd214838.jpg&amp;w=1920&amp;q=75 1920w,
                                                        /_next/image?url=https%3A%2F%2Fd3tlizm80tjdt4.cloudfront.net%2Fimage%2F3523%2Fimage%2Fsm-8c0633f6cbe02f5223ebf8dccd214838.jpg&amp;w=2048&amp;q=75 2048w,
                                                        /_next/image?url=https%3A%2F%2Fd3tlizm80tjdt4.cloudfront.net%2Fimage%2F3523%2Fimage%2Fsm-8c0633f6cbe02f5223ebf8dccd214838.jpg&amp;w=3840&amp;q=75 3840w
                                                    "
                                                    src="/_next/image?url=https%3A%2F%2Fd3tlizm80tjdt4.cloudfront.net%2Fimage%2F3523%2Fimage%2Fsm-8c0633f6cbe02f5223ebf8dccd214838.jpg&amp;w=3840&amp;q=75"
                                                    style="
                                                        position: absolute;
                                                        height: 100%;
                                                        width: 100%;
                                                        inset: 0px;
                                                        color: transparent;
                                                    "
                                                />
                                            </div></button
                                        ><button
                                            class="chakra-tabs__tab border css-2jmkdc"
                                            type="button"
                                            aria-disabled="false"
                                            id="tabs-:rbq:--tab-1"
                                            role="tab"
                                            tabindex="-1"
                                            aria-selected="false"
                                            aria-controls="tabs-:rbq:--tabpanel-1"
                                            data-index="1"
                                        >
                                            <div
                                                class="relative w-10 h-10 css-0"
                                            >
                                                <img
                                                    alt="Cheese, Cheddar, Shredded, Fancy, Mild, (4) - 106832"
                                                    loading="lazy"
                                                    decoding="async"
                                                    data-nimg="fill"
                                                    class="object-contain transition-opacity opacity-0 opacity-100"
                                                    sizes="auto"
                                                    srcset="
                                                        /_next/image?url=https%3A%2F%2Fd3tlizm80tjdt4.cloudfront.net%2Fimage%2F15193%2Fimage%2Fsm-dba02abeba78ee707501f521a0557481.png&amp;w=16&amp;q=75     16w,
                                                        /_next/image?url=https%3A%2F%2Fd3tlizm80tjdt4.cloudfront.net%2Fimage%2F15193%2Fimage%2Fsm-dba02abeba78ee707501f521a0557481.png&amp;w=32&amp;q=75     32w,
                                                        /_next/image?url=https%3A%2F%2Fd3tlizm80tjdt4.cloudfront.net%2Fimage%2F15193%2Fimage%2Fsm-dba02abeba78ee707501f521a0557481.png&amp;w=48&amp;q=75     48w,
                                                        /_next/image?url=https%3A%2F%2Fd3tlizm80tjdt4.cloudfront.net%2Fimage%2F15193%2Fimage%2Fsm-dba02abeba78ee707501f521a0557481.png&amp;w=64&amp;q=75     64w,
                                                        /_next/image?url=https%3A%2F%2Fd3tlizm80tjdt4.cloudfront.net%2Fimage%2F15193%2Fimage%2Fsm-dba02abeba78ee707501f521a0557481.png&amp;w=96&amp;q=75     96w,
                                                        /_next/image?url=https%3A%2F%2Fd3tlizm80tjdt4.cloudfront.net%2Fimage%2F15193%2Fimage%2Fsm-dba02abeba78ee707501f521a0557481.png&amp;w=128&amp;q=75   128w,
                                                        /_next/image?url=https%3A%2F%2Fd3tlizm80tjdt4.cloudfront.net%2Fimage%2F15193%2Fimage%2Fsm-dba02abeba78ee707501f521a0557481.png&amp;w=256&amp;q=75   256w,
                                                        /_next/image?url=https%3A%2F%2Fd3tlizm80tjdt4.cloudfront.net%2Fimage%2F15193%2Fimage%2Fsm-dba02abeba78ee707501f521a0557481.png&amp;w=384&amp;q=75   384w,
                                                        /_next/image?url=https%3A%2F%2Fd3tlizm80tjdt4.cloudfront.net%2Fimage%2F15193%2Fimage%2Fsm-dba02abeba78ee707501f521a0557481.png&amp;w=640&amp;q=75   640w,
                                                        /_next/image?url=https%3A%2F%2Fd3tlizm80tjdt4.cloudfront.net%2Fimage%2F15193%2Fimage%2Fsm-dba02abeba78ee707501f521a0557481.png&amp;w=750&amp;q=75   750w,
                                                        /_next/image?url=https%3A%2F%2Fd3tlizm80tjdt4.cloudfront.net%2Fimage%2F15193%2Fimage%2Fsm-dba02abeba78ee707501f521a0557481.png&amp;w=828&amp;q=75   828w,
                                                        /_next/image?url=https%3A%2F%2Fd3tlizm80tjdt4.cloudfront.net%2Fimage%2F15193%2Fimage%2Fsm-dba02abeba78ee707501f521a0557481.png&amp;w=1080&amp;q=75 1080w,
                                                        /_next/image?url=https%3A%2F%2Fd3tlizm80tjdt4.cloudfront.net%2Fimage%2F15193%2Fimage%2Fsm-dba02abeba78ee707501f521a0557481.png&amp;w=1200&amp;q=75 1200w,
                                                        /_next/image?url=https%3A%2F%2Fd3tlizm80tjdt4.cloudfront.net%2Fimage%2F15193%2Fimage%2Fsm-dba02abeba78ee707501f521a0557481.png&amp;w=1920&amp;q=75 1920w,
                                                        /_next/image?url=https%3A%2F%2Fd3tlizm80tjdt4.cloudfront.net%2Fimage%2F15193%2Fimage%2Fsm-dba02abeba78ee707501f521a0557481.png&amp;w=2048&amp;q=75 2048w,
                                                        /_next/image?url=https%3A%2F%2Fd3tlizm80tjdt4.cloudfront.net%2Fimage%2F15193%2Fimage%2Fsm-dba02abeba78ee707501f521a0557481.png&amp;w=3840&amp;q=75 3840w
                                                    "
                                                    src="/_next/image?url=https%3A%2F%2Fd3tlizm80tjdt4.cloudfront.net%2Fimage%2F15193%2Fimage%2Fsm-dba02abeba78ee707501f521a0557481.png&amp;w=3840&amp;q=75"
                                                    style="
                                                        position: absolute;
                                                        height: 100%;
                                                        width: 100%;
                                                        inset: 0px;
                                                        color: transparent;
                                                    "
                                                />
                                            </div></button
                                        ><button
                                            class="chakra-tabs__tab border css-2jmkdc"
                                            type="button"
                                            aria-disabled="false"
                                            id="tabs-:rbq:--tab-2"
                                            role="tab"
                                            tabindex="-1"
                                            aria-selected="false"
                                            aria-controls="tabs-:rbq:--tabpanel-2"
                                            data-index="2"
                                        >
                                            <div
                                                class="relative w-10 h-10 css-0"
                                            >
                                                <img
                                                    alt="Cheese, Cheddar, Shredded, Fancy, Mild, (4) - 106832"
                                                    loading="lazy"
                                                    decoding="async"
                                                    data-nimg="fill"
                                                    class="object-contain transition-opacity opacity-0 opacity-100"
                                                    sizes="auto"
                                                    srcset="
                                                        /_next/image?url=https%3A%2F%2Fd3tlizm80tjdt4.cloudfront.net%2Fimage%2F11508%2Fimage%2Fsm-055bb8294fde524216aa47e922a75c1c.jpeg&amp;w=16&amp;q=75     16w,
                                                        /_next/image?url=https%3A%2F%2Fd3tlizm80tjdt4.cloudfront.net%2Fimage%2F11508%2Fimage%2Fsm-055bb8294fde524216aa47e922a75c1c.jpeg&amp;w=32&amp;q=75     32w,
                                                        /_next/image?url=https%3A%2F%2Fd3tlizm80tjdt4.cloudfront.net%2Fimage%2F11508%2Fimage%2Fsm-055bb8294fde524216aa47e922a75c1c.jpeg&amp;w=48&amp;q=75     48w,
                                                        /_next/image?url=https%3A%2F%2Fd3tlizm80tjdt4.cloudfront.net%2Fimage%2F11508%2Fimage%2Fsm-055bb8294fde524216aa47e922a75c1c.jpeg&amp;w=64&amp;q=75     64w,
                                                        /_next/image?url=https%3A%2F%2Fd3tlizm80tjdt4.cloudfront.net%2Fimage%2F11508%2Fimage%2Fsm-055bb8294fde524216aa47e922a75c1c.jpeg&amp;w=96&amp;q=75     96w,
                                                        /_next/image?url=https%3A%2F%2Fd3tlizm80tjdt4.cloudfront.net%2Fimage%2F11508%2Fimage%2Fsm-055bb8294fde524216aa47e922a75c1c.jpeg&amp;w=128&amp;q=75   128w,
                                                        /_next/image?url=https%3A%2F%2Fd3tlizm80tjdt4.cloudfront.net%2Fimage%2F11508%2Fimage%2Fsm-055bb8294fde524216aa47e922a75c1c.jpeg&amp;w=256&amp;q=75   256w,
                                                        /_next/image?url=https%3A%2F%2Fd3tlizm80tjdt4.cloudfront.net%2Fimage%2F11508%2Fimage%2Fsm-055bb8294fde524216aa47e922a75c1c.jpeg&amp;w=384&amp;q=75   384w,
                                                        /_next/image?url=https%3A%2F%2Fd3tlizm80tjdt4.cloudfront.net%2Fimage%2F11508%2Fimage%2Fsm-055bb8294fde524216aa47e922a75c1c.jpeg&amp;w=640&amp;q=75   640w,
                                                        /_next/image?url=https%3A%2F%2Fd3tlizm80tjdt4.cloudfront.net%2Fimage%2F11508%2Fimage%2Fsm-055bb8294fde524216aa47e922a75c1c.jpeg&amp;w=750&amp;q=75   750w,
                                                        /_next/image?url=https%3A%2F%2Fd3tlizm80tjdt4.cloudfront.net%2Fimage%2F11508%2Fimage%2Fsm-055bb8294fde524216aa47e922a75c1c.jpeg&amp;w=828&amp;q=75   828w,
                                                        /_next/image?url=https%3A%2F%2Fd3tlizm80tjdt4.cloudfront.net%2Fimage%2F11508%2Fimage%2Fsm-055bb8294fde524216aa47e922a75c1c.jpeg&amp;w=1080&amp;q=75 1080w,
                                                        /_next/image?url=https%3A%2F%2Fd3tlizm80tjdt4.cloudfront.net%2Fimage%2F11508%2Fimage%2Fsm-055bb8294fde524216aa47e922a75c1c.jpeg&amp;w=1200&amp;q=75 1200w,
                                                        /_next/image?url=https%3A%2F%2Fd3tlizm80tjdt4.cloudfront.net%2Fimage%2F11508%2Fimage%2Fsm-055bb8294fde524216aa47e922a75c1c.jpeg&amp;w=1920&amp;q=75 1920w,
                                                        /_next/image?url=https%3A%2F%2Fd3tlizm80tjdt4.cloudfront.net%2Fimage%2F11508%2Fimage%2Fsm-055bb8294fde524216aa47e922a75c1c.jpeg&amp;w=2048&amp;q=75 2048w,
                                                        /_next/image?url=https%3A%2F%2Fd3tlizm80tjdt4.cloudfront.net%2Fimage%2F11508%2Fimage%2Fsm-055bb8294fde524216aa47e922a75c1c.jpeg&amp;w=3840&amp;q=75 3840w
                                                    "
                                                    src="/_next/image?url=https%3A%2F%2Fd3tlizm80tjdt4.cloudfront.net%2Fimage%2F11508%2Fimage%2Fsm-055bb8294fde524216aa47e922a75c1c.jpeg&amp;w=3840&amp;q=75"
                                                    style="
                                                        position: absolute;
                                                        height: 100%;
                                                        width: 100%;
                                                        inset: 0px;
                                                        color: transparent;
                                                    "
                                                />
                                            </div>
                                        </button>
                                    </div>
                                </div>
                                <div class="css-ahthbn">
                                    <div class="css-0">
                                        <p class="chakra-text css-0">
                                            SKU:
                                            <b class="chakra-text css-0"
                                                >106832</b
                                            >
                                        </p>
                                        <p class="chakra-text css-0">
                                            UPC:
                                            <b class="chakra-text css-0"
                                                >106832</b
                                            >
                                        </p>
                                    </div>
                                    <div
                                        class="chakra-table__container css-1nvmkmq"
                                    >
                                        <table class="chakra-table css-5605sr">
                                            <caption class="css-aqesej">
                                                Product information or packaging
                                                displayed may not be current or
                                                complete. *Actual weight may
                                                vary based on seasonality and
                                                other factors.
                                            </caption>
                                            <thead class="css-0">
                                                <tr class="css-0">
                                                    <th class="css-r10se1">
                                                        Case
                                                    </th>
                                                    <th class="css-r10se1">
                                                        Each
                                                    </th>
                                                </tr>
                                            </thead>
                                            <tbody class="css-0">
                                                <tr class="css-0">
                                                    <td class="css-1eyncsv">
                                                        4 Eaches
                                                    </td>
                                                    <td class="css-1eyncsv">
                                                        1 Item
                                                    </td>
                                                </tr>
                                                <tr class="css-0">
                                                    <td class="css-1eyncsv">
                                                        L 1" x W 1" x H 1"
                                                    </td>
                                                    <td class="css-1eyncsv">
                                                        L 1" x W 1" x H 1"
                                                    </td>
                                                </tr>
                                                <tr class="css-0">
                                                    <td class="css-1eyncsv">
                                                        5 lbs
                                                    </td>
                                                    <td class="css-1eyncsv">
                                                        1.25 lbs
                                                    </td>
                                                </tr>
                                            </tbody>
                                        </table>
                                    </div>
                                    <div class="css-0">
                                        <button
                                            type="button"
                                            class="chakra-button css-1j1nr9i"
                                        >
                                            Proposition 65 warning<span
                                                class="chakra-button__icon css-1hzyiq5"
                                                ><svg
                                                    viewBox="0 0 24 24"
                                                    focusable="false"
                                                    class="chakra-icon css-onkibi"
                                                    aria-hidden="true"
                                                >
                                                    <path
                                                        fill="currentColor"
                                                        d="M16.59 8.59L12 13.17 7.41 8.59 6 10l6 6 6-6z"
                                                    ></path></svg
                                            ></span>
                                        </button>
                                        <div
                                            class="chakra-collapse"
                                            style="
                                                overflow: hidden;
                                                display: none;
                                                opacity: 0;
                                                height: 0px;
                                            "
                                        >
                                            <p class="chakra-text css-dw5ttn">
                                                Warning: This product can expose
                                                you to chemicals including
                                                arsenic, which is known to the
                                                State of California to cause
                                                cancer. For more information, go
                                                to
                                                <a
                                                    target="_blank"
                                                    class="chakra-link css-spn4bz"
                                                    href="https://www.P65Warnings.ca.gov"
                                                    >www.P65Warnings.ca.gov</a
                                                >
                                            </p>
                                        </div>
                                    </div>
                                </div>
                            </div>
                            <div class="col-span-2 css-0">
                                <div class="css-1811skr">
                                    <div class="css-1lekzkb">
                                        <h4 class="chakra-heading css-o8iskg">
                                            Others you may like
                                        </h4>
                                        <div
                                            role="group"
                                            class="chakra-button__group css-1ypqa85"
                                            data-orientation="horizontal"
                                        >
                                            <button
                                                type="button"
                                                class="chakra-button css-xblsqq"
                                                aria-label="Previous"
                                            >
                                                <svg
                                                    viewBox="0 0 24 24"
                                                    focusable="false"
                                                    class="chakra-icon css-n5gr1q"
                                                    aria-hidden="true"
                                                >
                                                    <path
                                                        fill="currentColor"
                                                        d="M15.41 7.41L14 6l-6 6 6 6 1.41-1.41L10.83 12z"
                                                    ></path>
                                                </svg></button
                                            ><button
                                                type="button"
                                                class="chakra-button css-xblsqq"
                                                aria-label="Next"
                                            >
                                                <svg
                                                    viewBox="0 0 24 24"
                                                    focusable="false"
                                                    class="chakra-icon css-n5gr1q"
                                                    aria-hidden="true"
                                                >
                                                    <path
                                                        fill="currentColor"
                                                        d="M10 6L8.59 7.41 13.17 12l-4.58 4.59L10 18l6-6z"
                                                    ></path>
                                                </svg>
                                            </button>
                                        </div>
                                    </div>
                                    <div class="-mx-2 css-0">
                                        <div
                                            class="slick-slider slick-initialized"
                                            dir="ltr"
                                        >
                                            <div class="slick-list">
                                                <div
                                                    class="slick-track"
                                                    style="
                                                        width: 9159px;
                                                        opacity: 1;
                                                        transform: translate3d(
                                                            -1065px,
                                                            0px,
                                                            0px
                                                        );
                                                    "
                                                >
                                                    <div
                                                        data-index="-5"
                                                        tabindex="-1"
                                                        class="slick-slide slick-cloned"
                                                        aria-hidden="true"
                                                        style="width: 213px"
                                                    >
                                                        <div>
                                                            <div
                                                                tabindex="-1"
                                                                class="css-0"
                                                                style="
                                                                    width: 100%;
                                                                    display: inline-block;
                                                                "
                                                            >
                                                                <div
                                                                    class="p-2 css-0"
                                                                >
                                                                    <a
                                                                        class="chakra-card group css-5pmr4x"
                                                                        role="link"
                                                                        href="/sku/cheese-pepperjack-feather-shred-45-lb-123794/123794"
                                                                        ><div
                                                                            class="chakra-card__body css-1idwstw"
                                                                        >
                                                                            <div
                                                                                class="relative css-1bpq4gx"
                                                                            >
                                                                                <div
                                                                                    class="absolute right-0 z-10 css-0"
                                                                                >
                                                                                    <div
                                                                                        class="css-ckyhk3"
                                                                                    >
                                                                                        <div
                                                                                            role="group"
                                                                                            class="chakra-button__group css-1ind3v2"
                                                                                            data-orientation="horizontal"
                                                                                        >
                                                                                            <button
                                                                                                type="button"
                                                                                                class="chakra-button shadow-elevation-1 css-1lbuwe"
                                                                                                aria-label="Add to cart"
                                                                                            >
                                                                                                <svg
                                                                                                    stroke="currentColor"
                                                                                                    fill="currentColor"
                                                                                                    stroke-width="0"
                                                                                                    viewBox="0 0 16 16"
                                                                                                    focusable="false"
                                                                                                    class="chakra-icon css-6ey7w3"
                                                                                                    aria-hidden="true"
                                                                                                    height="1em"
                                                                                                    width="1em"
                                                                                                    xmlns="http://www.w3.org/2000/svg"
                                                                                                >
                                                                                                    <path
                                                                                                        d="M8 4a.5.5 0 0 1 .5.5v3h3a.5.5 0 0 1 0 1h-3v3a.5.5 0 0 1-1 0v-3h-3a.5.5 0 0 1 0-1h3v-3A.5.5 0 0 1 8 4"
                                                                                                    ></path>
                                                                                                </svg>
                                                                                            </button>
                                                                                        </div>
                                                                                    </div>
                                                                                </div>
                                                                                <div
                                                                                    class="relative h-full css-0"
                                                                                >
                                                                                    <img
                                                                                        alt="Cheese, Pepperjack, Feather Shred, 4/5 Lb - 123794"
                                                                                        decoding="async"
                                                                                        data-nimg="fill"
                                                                                        class="object-contain object-top"
                                                                                        sizes="auto"
                                                                                        srcset="
                                                                                            /_next/image?url=https%3A%2F%2Fd3tlizm80tjdt4.cloudfront.net%2Fimage%2F17990%2Fimage%2Fsm-83f15352ef57aee10ecf9f5eacd4c835.png&amp;w=16&amp;q=50     16w,
                                                                                            /_next/image?url=https%3A%2F%2Fd3tlizm80tjdt4.cloudfront.net%2Fimage%2F17990%2Fimage%2Fsm-83f15352ef57aee10ecf9f5eacd4c835.png&amp;w=32&amp;q=50     32w,
                                                                                            /_next/image?url=https%3A%2F%2Fd3tlizm80tjdt4.cloudfront.net%2Fimage%2F17990%2Fimage%2Fsm-83f15352ef57aee10ecf9f5eacd4c835.png&amp;w=48&amp;q=50     48w,
                                                                                            /_next/image?url=https%3A%2F%2Fd3tlizm80tjdt4.cloudfront.net%2Fimage%2F17990%2Fimage%2Fsm-83f15352ef57aee10ecf9f5eacd4c835.png&amp;w=64&amp;q=50     64w,
                                                                                            /_next/image?url=https%3A%2F%2Fd3tlizm80tjdt4.cloudfront.net%2Fimage%2F17990%2Fimage%2Fsm-83f15352ef57aee10ecf9f5eacd4c835.png&amp;w=96&amp;q=50     96w,
                                                                                            /_next/image?url=https%3A%2F%2Fd3tlizm80tjdt4.cloudfront.net%2Fimage%2F17990%2Fimage%2Fsm-83f15352ef57aee10ecf9f5eacd4c835.png&amp;w=128&amp;q=50   128w,
                                                                                            /_next/image?url=https%3A%2F%2Fd3tlizm80tjdt4.cloudfront.net%2Fimage%2F17990%2Fimage%2Fsm-83f15352ef57aee10ecf9f5eacd4c835.png&amp;w=256&amp;q=50   256w,
                                                                                            /_next/image?url=https%3A%2F%2Fd3tlizm80tjdt4.cloudfront.net%2Fimage%2F17990%2Fimage%2Fsm-83f15352ef57aee10ecf9f5eacd4c835.png&amp;w=384&amp;q=50   384w,
                                                                                            /_next/image?url=https%3A%2F%2Fd3tlizm80tjdt4.cloudfront.net%2Fimage%2F17990%2Fimage%2Fsm-83f15352ef57aee10ecf9f5eacd4c835.png&amp;w=640&amp;q=50   640w,
                                                                                            /_next/image?url=https%3A%2F%2Fd3tlizm80tjdt4.cloudfront.net%2Fimage%2F17990%2Fimage%2Fsm-83f15352ef57aee10ecf9f5eacd4c835.png&amp;w=750&amp;q=50   750w,
                                                                                            /_next/image?url=https%3A%2F%2Fd3tlizm80tjdt4.cloudfront.net%2Fimage%2F17990%2Fimage%2Fsm-83f15352ef57aee10ecf9f5eacd4c835.png&amp;w=828&amp;q=50   828w,
                                                                                            /_next/image?url=https%3A%2F%2Fd3tlizm80tjdt4.cloudfront.net%2Fimage%2F17990%2Fimage%2Fsm-83f15352ef57aee10ecf9f5eacd4c835.png&amp;w=1080&amp;q=50 1080w,
                                                                                            /_next/image?url=https%3A%2F%2Fd3tlizm80tjdt4.cloudfront.net%2Fimage%2F17990%2Fimage%2Fsm-83f15352ef57aee10ecf9f5eacd4c835.png&amp;w=1200&amp;q=50 1200w,
                                                                                            /_next/image?url=https%3A%2F%2Fd3tlizm80tjdt4.cloudfront.net%2Fimage%2F17990%2Fimage%2Fsm-83f15352ef57aee10ecf9f5eacd4c835.png&amp;w=1920&amp;q=50 1920w,
                                                                                            /_next/image?url=https%3A%2F%2Fd3tlizm80tjdt4.cloudfront.net%2Fimage%2F17990%2Fimage%2Fsm-83f15352ef57aee10ecf9f5eacd4c835.png&amp;w=2048&amp;q=50 2048w,
                                                                                            /_next/image?url=https%3A%2F%2Fd3tlizm80tjdt4.cloudfront.net%2Fimage%2F17990%2Fimage%2Fsm-83f15352ef57aee10ecf9f5eacd4c835.png&amp;w=3840&amp;q=50 3840w
                                                                                        "
                                                                                        src="/_next/image?url=https%3A%2F%2Fd3tlizm80tjdt4.cloudfront.net%2Fimage%2F17990%2Fimage%2Fsm-83f15352ef57aee10ecf9f5eacd4c835.png&amp;w=3840&amp;q=50"
                                                                                        style="
                                                                                            position: absolute;
                                                                                            height: 100%;
                                                                                            width: 100%;
                                                                                            inset: 0px;
                                                                                            color: transparent;
                                                                                        "
                                                                                    />
                                                                                </div>
                                                                                <div
                                                                                    class="css-o2ldmt"
                                                                                >
                                                                                    <p
                                                                                        class="chakra-text css-pbtft"
                                                                                    >
                                                                                        Cheese,
                                                                                        Pepperjack,
                                                                                        Feather
                                                                                        Shred,
                                                                                        4/5
                                                                                        Lb
                                                                                        -
                                                                                        123794
                                                                                    </p>
                                                                                    <p
                                                                                        class="chakra-text css-w6ttxb"
                                                                                    >
                                                                                        Cheswick
                                                                                    </p>
                                                                                    <div
                                                                                        class="css-o2ldmt"
                                                                                    >
                                                                                        <div
                                                                                            class="css-zibc0q"
                                                                                        >
                                                                                            <div
                                                                                                class="css-j6qzfh"
                                                                                            >
                                                                                                <b
                                                                                                    class="chakra-text css-1vhzs63"
                                                                                                    >$65.72</b
                                                                                                ><span
                                                                                                    class="chakra-badge css-ff7g47"
                                                                                                    >$3.29/lb</span
                                                                                                >
                                                                                            </div>
                                                                                        </div>
                                                                                    </div>
                                                                                </div>
                                                                            </div>
                                                                        </div></a
                                                                    >
                                                                </div>
                                                            </div>
                                                        </div>
                                                    </div>
                                                    <div
                                                        data-index="-4"
                                                        tabindex="-1"
                                                        class="slick-slide slick-cloned"
                                                        aria-hidden="true"
                                                        style="width: 213px"
                                                    >
                                                        <div>
                                                            <div
                                                                tabindex="-1"
                                                                class="css-0"
                                                                style="
                                                                    width: 100%;
                                                                    display: inline-block;
                                                                "
                                                            >
                                                                <div
                                                                    class="p-2 css-0"
                                                                >
                                                                    <a
                                                                        class="chakra-card group css-5pmr4x"
                                                                        role="link"
                                                                        href="/sku/cheese-parmesan-shaved-4-5-lb-106816/106816"
                                                                        ><div
                                                                            class="chakra-card__body css-1idwstw"
                                                                        >
                                                                            <div
                                                                                class="relative css-1bpq4gx"
                                                                            >
                                                                                <div
                                                                                    class="absolute right-0 z-10 css-0"
                                                                                >
                                                                                    <div
                                                                                        class="css-ckyhk3"
                                                                                    >
                                                                                        <div
                                                                                            role="group"
                                                                                            class="chakra-button__group css-1ind3v2"
                                                                                            data-orientation="horizontal"
                                                                                        >
                                                                                            <button
                                                                                                type="button"
                                                                                                class="chakra-button shadow-elevation-1 css-1lbuwe"
                                                                                                aria-label="Add to cart"
                                                                                            >
                                                                                                <svg
                                                                                                    stroke="currentColor"
                                                                                                    fill="currentColor"
                                                                                                    stroke-width="0"
                                                                                                    viewBox="0 0 16 16"
                                                                                                    focusable="false"
                                                                                                    class="chakra-icon css-6ey7w3"
                                                                                                    aria-hidden="true"
                                                                                                    height="1em"
                                                                                                    width="1em"
                                                                                                    xmlns="http://www.w3.org/2000/svg"
                                                                                                >
                                                                                                    <path
                                                                                                        d="M8 4a.5.5 0 0 1 .5.5v3h3a.5.5 0 0 1 0 1h-3v3a.5.5 0 0 1-1 0v-3h-3a.5.5 0 0 1 0-1h3v-3A.5.5 0 0 1 8 4"
                                                                                                    ></path>
                                                                                                </svg>
                                                                                            </button>
                                                                                        </div>
                                                                                    </div>
                                                                                </div>
                                                                                <div
                                                                                    class="relative h-full css-0"
                                                                                >
                                                                                    <img
                                                                                        alt="Cheese, Parmesan, Shaved, (4) 5 Lb - 106816"
                                                                                        decoding="async"
                                                                                        data-nimg="fill"
                                                                                        class="object-contain object-top"
                                                                                        sizes="auto"
                                                                                        srcset="
                                                                                            /_next/image?url=https%3A%2F%2Fd3tlizm80tjdt4.cloudfront.net%2Fimage%2F2865%2Fimage%2Fsm-7f83700059c075a212d5756e9c4e7073.jpg&amp;w=16&amp;q=50     16w,
                                                                                            /_next/image?url=https%3A%2F%2Fd3tlizm80tjdt4.cloudfront.net%2Fimage%2F2865%2Fimage%2Fsm-7f83700059c075a212d5756e9c4e7073.jpg&amp;w=32&amp;q=50     32w,
                                                                                            /_next/image?url=https%3A%2F%2Fd3tlizm80tjdt4.cloudfront.net%2Fimage%2F2865%2Fimage%2Fsm-7f83700059c075a212d5756e9c4e7073.jpg&amp;w=48&amp;q=50     48w,
                                                                                            /_next/image?url=https%3A%2F%2Fd3tlizm80tjdt4.cloudfront.net%2Fimage%2F2865%2Fimage%2Fsm-7f83700059c075a212d5756e9c4e7073.jpg&amp;w=64&amp;q=50     64w,
                                                                                            /_next/image?url=https%3A%2F%2Fd3tlizm80tjdt4.cloudfront.net%2Fimage%2F2865%2Fimage%2Fsm-7f83700059c075a212d5756e9c4e7073.jpg&amp;w=96&amp;q=50     96w,
                                                                                            /_next/image?url=https%3A%2F%2Fd3tlizm80tjdt4.cloudfront.net%2Fimage%2F2865%2Fimage%2Fsm-7f83700059c075a212d5756e9c4e7073.jpg&amp;w=128&amp;q=50   128w,
                                                                                            /_next/image?url=https%3A%2F%2Fd3tlizm80tjdt4.cloudfront.net%2Fimage%2F2865%2Fimage%2Fsm-7f83700059c075a212d5756e9c4e7073.jpg&amp;w=256&amp;q=50   256w,
                                                                                            /_next/image?url=https%3A%2F%2Fd3tlizm80tjdt4.cloudfront.net%2Fimage%2F2865%2Fimage%2Fsm-7f83700059c075a212d5756e9c4e7073.jpg&amp;w=384&amp;q=50   384w,
                                                                                            /_next/image?url=https%3A%2F%2Fd3tlizm80tjdt4.cloudfront.net%2Fimage%2F2865%2Fimage%2Fsm-7f83700059c075a212d5756e9c4e7073.jpg&amp;w=640&amp;q=50   640w,
                                                                                            /_next/image?url=https%3A%2F%2Fd3tlizm80tjdt4.cloudfront.net%2Fimage%2F2865%2Fimage%2Fsm-7f83700059c075a212d5756e9c4e7073.jpg&amp;w=750&amp;q=50   750w,
                                                                                            /_next/image?url=https%3A%2F%2Fd3tlizm80tjdt4.cloudfront.net%2Fimage%2F2865%2Fimage%2Fsm-7f83700059c075a212d5756e9c4e7073.jpg&amp;w=828&amp;q=50   828w,
                                                                                            /_next/image?url=https%3A%2F%2Fd3tlizm80tjdt4.cloudfront.net%2Fimage%2F2865%2Fimage%2Fsm-7f83700059c075a212d5756e9c4e7073.jpg&amp;w=1080&amp;q=50 1080w,
                                                                                            /_next/image?url=https%3A%2F%2Fd3tlizm80tjdt4.cloudfront.net%2Fimage%2F2865%2Fimage%2Fsm-7f83700059c075a212d5756e9c4e7073.jpg&amp;w=1200&amp;q=50 1200w,
                                                                                            /_next/image?url=https%3A%2F%2Fd3tlizm80tjdt4.cloudfront.net%2Fimage%2F2865%2Fimage%2Fsm-7f83700059c075a212d5756e9c4e7073.jpg&amp;w=1920&amp;q=50 1920w,
                                                                                            /_next/image?url=https%3A%2F%2Fd3tlizm80tjdt4.cloudfront.net%2Fimage%2F2865%2Fimage%2Fsm-7f83700059c075a212d5756e9c4e7073.jpg&amp;w=2048&amp;q=50 2048w,
                                                                                            /_next/image?url=https%3A%2F%2Fd3tlizm80tjdt4.cloudfront.net%2Fimage%2F2865%2Fimage%2Fsm-7f83700059c075a212d5756e9c4e7073.jpg&amp;w=3840&amp;q=50 3840w
                                                                                        "
                                                                                        src="/_next/image?url=https%3A%2F%2Fd3tlizm80tjdt4.cloudfront.net%2Fimage%2F2865%2Fimage%2Fsm-7f83700059c075a212d5756e9c4e7073.jpg&amp;w=3840&amp;q=50"
                                                                                        style="
                                                                                            position: absolute;
                                                                                            height: 100%;
                                                                                            width: 100%;
                                                                                            inset: 0px;
                                                                                            color: transparent;
                                                                                        "
                                                                                    />
                                                                                </div>
                                                                                <div
                                                                                    class="css-o2ldmt"
                                                                                >
                                                                                    <p
                                                                                        class="chakra-text css-pbtft"
                                                                                    >
                                                                                        Cheese,
                                                                                        Parmesan,
                                                                                        Shaved,
                                                                                        (4)
                                                                                        5
                                                                                        Lb
                                                                                        -
                                                                                        106816
                                                                                    </p>
                                                                                    <p
                                                                                        class="chakra-text css-w6ttxb"
                                                                                    >
                                                                                        Galbani
                                                                                    </p>
                                                                                    <div
                                                                                        class="css-o2ldmt"
                                                                                    >
                                                                                        <div
                                                                                            class="css-zibc0q"
                                                                                        >
                                                                                            <div
                                                                                                class="css-j6qzfh"
                                                                                            >
                                                                                                <b
                                                                                                    class="chakra-text css-1vhzs63"
                                                                                                    >$26.44</b
                                                                                                ><span
                                                                                                    class="chakra-badge css-ff7g47"
                                                                                                    >$5.29/lb</span
                                                                                                >
                                                                                            </div>
                                                                                        </div>
                                                                                    </div>
                                                                                </div>
                                                                            </div>
                                                                        </div></a
                                                                    >
                                                                </div>
                                                            </div>
                                                        </div>
                                                    </div>
                                                    <div
                                                        data-index="-3"
                                                        tabindex="-1"
                                                        class="slick-slide slick-cloned"
                                                        aria-hidden="true"
                                                        style="width: 213px"
                                                    >
                                                        <div>
                                                            <div
                                                                tabindex="-1"
                                                                class="css-0"
                                                                style="
                                                                    width: 100%;
                                                                    display: inline-block;
                                                                "
                                                            >
                                                                <div
                                                                    class="p-2 css-0"
                                                                >
                                                                    <a
                                                                        class="chakra-card group css-5pmr4x"
                                                                        role="link"
                                                                        href="/sku/cheese-monterey-jack-shredded-fancy-4-5-lb-108930/108930"
                                                                        ><div
                                                                            class="chakra-card__body css-1idwstw"
                                                                        >
                                                                            <div
                                                                                class="relative css-1bpq4gx"
                                                                            >
                                                                                <div
                                                                                    class="absolute right-0 z-10 css-0"
                                                                                >
                                                                                    <div
                                                                                        class="css-ckyhk3"
                                                                                    >
                                                                                        <div
                                                                                            role="group"
                                                                                            class="chakra-button__group css-1ind3v2"
                                                                                            data-orientation="horizontal"
                                                                                        >
                                                                                            <button
                                                                                                type="button"
                                                                                                class="chakra-button shadow-elevation-1 css-1lbuwe"
                                                                                                aria-label="Add to cart"
                                                                                            >
                                                                                                <svg
                                                                                                    stroke="currentColor"
                                                                                                    fill="currentColor"
                                                                                                    stroke-width="0"
                                                                                                    viewBox="0 0 16 16"
                                                                                                    focusable="false"
                                                                                                    class="chakra-icon css-6ey7w3"
                                                                                                    aria-hidden="true"
                                                                                                    height="1em"
                                                                                                    width="1em"
                                                                                                    xmlns="http://www.w3.org/2000/svg"
                                                                                                >
                                                                                                    <path
                                                                                                        d="M8 4a.5.5 0 0 1 .5.5v3h3a.5.5 0 0 1 0 1h-3v3a.5.5 0 0 1-1 0v-3h-3a.5.5 0 0 1 0-1h3v-3A.5.5 0 0 1 8 4"
                                                                                                    ></path>
                                                                                                </svg>
                                                                                            </button>
                                                                                        </div>
                                                                                    </div>
                                                                                </div>
                                                                                <div
                                                                                    class="relative h-full css-0"
                                                                                >
                                                                                    <img
                                                                                        alt="Cheese, Monterey Jack, Shredded, Fancy, (4) 5 Lb - 108930"
                                                                                        decoding="async"
                                                                                        data-nimg="fill"
                                                                                        class="object-contain object-top"
                                                                                        sizes="auto"
                                                                                        srcset="
                                                                                            /_next/image?url=https%3A%2F%2Fd3tlizm80tjdt4.cloudfront.net%2Fimage%2F7273%2Fimage%2Fsm-77f3fe57315491b5b760f3c783c2ce89.jpg&amp;w=16&amp;q=50     16w,
                                                                                            /_next/image?url=https%3A%2F%2Fd3tlizm80tjdt4.cloudfront.net%2Fimage%2F7273%2Fimage%2Fsm-77f3fe57315491b5b760f3c783c2ce89.jpg&amp;w=32&amp;q=50     32w,
                                                                                            /_next/image?url=https%3A%2F%2Fd3tlizm80tjdt4.cloudfront.net%2Fimage%2F7273%2Fimage%2Fsm-77f3fe57315491b5b760f3c783c2ce89.jpg&amp;w=48&amp;q=50     48w,
                                                                                            /_next/image?url=https%3A%2F%2Fd3tlizm80tjdt4.cloudfront.net%2Fimage%2F7273%2Fimage%2Fsm-77f3fe57315491b5b760f3c783c2ce89.jpg&amp;w=64&amp;q=50     64w,
                                                                                            /_next/image?url=https%3A%2F%2Fd3tlizm80tjdt4.cloudfront.net%2Fimage%2F7273%2Fimage%2Fsm-77f3fe57315491b5b760f3c783c2ce89.jpg&amp;w=96&amp;q=50     96w,
                                                                                            /_next/image?url=https%3A%2F%2Fd3tlizm80tjdt4.cloudfront.net%2Fimage%2F7273%2Fimage%2Fsm-77f3fe57315491b5b760f3c783c2ce89.jpg&amp;w=128&amp;q=50   128w,
                                                                                            /_next/image?url=https%3A%2F%2Fd3tlizm80tjdt4.cloudfront.net%2Fimage%2F7273%2Fimage%2Fsm-77f3fe57315491b5b760f3c783c2ce89.jpg&amp;w=256&amp;q=50   256w,
                                                                                            /_next/image?url=https%3A%2F%2Fd3tlizm80tjdt4.cloudfront.net%2Fimage%2F7273%2Fimage%2Fsm-77f3fe57315491b5b760f3c783c2ce89.jpg&amp;w=384&amp;q=50   384w,
                                                                                            /_next/image?url=https%3A%2F%2Fd3tlizm80tjdt4.cloudfront.net%2Fimage%2F7273%2Fimage%2Fsm-77f3fe57315491b5b760f3c783c2ce89.jpg&amp;w=640&amp;q=50   640w,
                                                                                            /_next/image?url=https%3A%2F%2Fd3tlizm80tjdt4.cloudfront.net%2Fimage%2F7273%2Fimage%2Fsm-77f3fe57315491b5b760f3c783c2ce89.jpg&amp;w=750&amp;q=50   750w,
                                                                                            /_next/image?url=https%3A%2F%2Fd3tlizm80tjdt4.cloudfront.net%2Fimage%2F7273%2Fimage%2Fsm-77f3fe57315491b5b760f3c783c2ce89.jpg&amp;w=828&amp;q=50   828w,
                                                                                            /_next/image?url=https%3A%2F%2Fd3tlizm80tjdt4.cloudfront.net%2Fimage%2F7273%2Fimage%2Fsm-77f3fe57315491b5b760f3c783c2ce89.jpg&amp;w=1080&amp;q=50 1080w,
                                                                                            /_next/image?url=https%3A%2F%2Fd3tlizm80tjdt4.cloudfront.net%2Fimage%2F7273%2Fimage%2Fsm-77f3fe57315491b5b760f3c783c2ce89.jpg&amp;w=1200&amp;q=50 1200w,
                                                                                            /_next/image?url=https%3A%2F%2Fd3tlizm80tjdt4.cloudfront.net%2Fimage%2F7273%2Fimage%2Fsm-77f3fe57315491b5b760f3c783c2ce89.jpg&amp;w=1920&amp;q=50 1920w,
                                                                                            /_next/image?url=https%3A%2F%2Fd3tlizm80tjdt4.cloudfront.net%2Fimage%2F7273%2Fimage%2Fsm-77f3fe57315491b5b760f3c783c2ce89.jpg&amp;w=2048&amp;q=50 2048w,
                                                                                            /_next/image?url=https%3A%2F%2Fd3tlizm80tjdt4.cloudfront.net%2Fimage%2F7273%2Fimage%2Fsm-77f3fe57315491b5b760f3c783c2ce89.jpg&amp;w=3840&amp;q=50 3840w
                                                                                        "
                                                                                        src="/_next/image?url=https%3A%2F%2Fd3tlizm80tjdt4.cloudfront.net%2Fimage%2F7273%2Fimage%2Fsm-77f3fe57315491b5b760f3c783c2ce89.jpg&amp;w=3840&amp;q=50"
                                                                                        style="
                                                                                            position: absolute;
                                                                                            height: 100%;
                                                                                            width: 100%;
                                                                                            inset: 0px;
                                                                                            color: transparent;
                                                                                        "
                                                                                    />
                                                                                </div>
                                                                                <div
                                                                                    class="css-o2ldmt"
                                                                                >
                                                                                    <p
                                                                                        class="chakra-text css-pbtft"
                                                                                    >
                                                                                        Cheese,
                                                                                        Monterey
                                                                                        Jack,
                                                                                        Shredded,
                                                                                        Fancy,
                                                                                        (4)
                                                                                        5
                                                                                        Lb
                                                                                        -
                                                                                        108930
                                                                                    </p>
                                                                                    <p
                                                                                        class="chakra-text css-w6ttxb"
                                                                                    >
                                                                                        Cheswick
                                                                                    </p>
                                                                                    <div
                                                                                        class="css-o2ldmt"
                                                                                    >
                                                                                        <div
                                                                                            class="css-zibc0q"
                                                                                        >
                                                                                            <div
                                                                                                class="css-j6qzfh"
                                                                                            >
                                                                                                <b
                                                                                                    class="chakra-text css-1vhzs63"
                                                                                                    >$16.26</b
                                                                                                ><span
                                                                                                    class="chakra-badge css-ff7g47"
                                                                                                    >$3.25/lb</span
                                                                                                >
                                                                                            </div>
                                                                                        </div>
                                                                                    </div>
                                                                                </div>
                                                                            </div>
                                                                        </div></a
                                                                    >
                                                                </div>
                                                            </div>
                                                        </div>
                                                    </div>
                                                    <div
                                                        data-index="-2"
                                                        tabindex="-1"
                                                        class="slick-slide slick-cloned"
                                                        aria-hidden="true"
                                                        style="width: 213px"
                                                    >
                                                        <div>
                                                            <div
                                                                tabindex="-1"
                                                                class="css-0"
                                                                style="
                                                                    width: 100%;
                                                                    display: inline-block;
                                                                "
                                                            >
                                                                <div
                                                                    class="p-2 css-0"
                                                                >
                                                                    <a
                                                                        class="chakra-card group css-5pmr4x"
                                                                        role="link"
                                                                        href="/sku/cheese-monterey-jack-loaf-2-5-lb-107600/107600"
                                                                        ><div
                                                                            class="chakra-card__body css-1idwstw"
                                                                        >
                                                                            <div
                                                                                class="relative css-1bpq4gx"
                                                                            >
                                                                                <div
                                                                                    class="absolute right-0 z-10 css-0"
                                                                                >
                                                                                    <div
                                                                                        class="css-ckyhk3"
                                                                                    >
                                                                                        <div
                                                                                            role="group"
                                                                                            class="chakra-button__group css-1ind3v2"
                                                                                            data-orientation="horizontal"
                                                                                        >
                                                                                            <button
                                                                                                type="button"
                                                                                                class="chakra-button shadow-elevation-1 css-1lbuwe"
                                                                                                aria-label="Add to cart"
                                                                                            >
                                                                                                <svg
                                                                                                    stroke="currentColor"
                                                                                                    fill="currentColor"
                                                                                                    stroke-width="0"
                                                                                                    viewBox="0 0 16 16"
                                                                                                    focusable="false"
                                                                                                    class="chakra-icon css-6ey7w3"
                                                                                                    aria-hidden="true"
                                                                                                    height="1em"
                                                                                                    width="1em"
                                                                                                    xmlns="http://www.w3.org/2000/svg"
                                                                                                >
                                                                                                    <path
                                                                                                        d="M8 4a.5.5 0 0 1 .5.5v3h3a.5.5 0 0 1 0 1h-3v3a.5.5 0 0 1-1 0v-3h-3a.5.5 0 0 1 0-1h3v-3A.5.5 0 0 1 8 4"
                                                                                                    ></path>
                                                                                                </svg>
                                                                                            </button>
                                                                                        </div>
                                                                                    </div>
                                                                                </div>
                                                                                <div
                                                                                    class="relative h-full css-0"
                                                                                >
                                                                                    <img
                                                                                        alt="Cheese, Monterey Jack, Loaf, (2) 5 Lb - 107600"
                                                                                        decoding="async"
                                                                                        data-nimg="fill"
                                                                                        class="object-contain object-top"
                                                                                        sizes="auto"
                                                                                        srcset="
                                                                                            /_next/image?url=https%3A%2F%2Fd3tlizm80tjdt4.cloudfront.net%2Fimage%2F5981%2Fimage%2Fsm-8006f8100c50aee751d5e74b228445bf.jpg&amp;w=16&amp;q=50     16w,
                                                                                            /_next/image?url=https%3A%2F%2Fd3tlizm80tjdt4.cloudfront.net%2Fimage%2F5981%2Fimage%2Fsm-8006f8100c50aee751d5e74b228445bf.jpg&amp;w=32&amp;q=50     32w,
                                                                                            /_next/image?url=https%3A%2F%2Fd3tlizm80tjdt4.cloudfront.net%2Fimage%2F5981%2Fimage%2Fsm-8006f8100c50aee751d5e74b228445bf.jpg&amp;w=48&amp;q=50     48w,
                                                                                            /_next/image?url=https%3A%2F%2Fd3tlizm80tjdt4.cloudfront.net%2Fimage%2F5981%2Fimage%2Fsm-8006f8100c50aee751d5e74b228445bf.jpg&amp;w=64&amp;q=50     64w,
                                                                                            /_next/image?url=https%3A%2F%2Fd3tlizm80tjdt4.cloudfront.net%2Fimage%2F5981%2Fimage%2Fsm-8006f8100c50aee751d5e74b228445bf.jpg&amp;w=96&amp;q=50     96w,
                                                                                            /_next/image?url=https%3A%2F%2Fd3tlizm80tjdt4.cloudfront.net%2Fimage%2F5981%2Fimage%2Fsm-8006f8100c50aee751d5e74b228445bf.jpg&amp;w=128&amp;q=50   128w,
                                                                                            /_next/image?url=https%3A%2F%2Fd3tlizm80tjdt4.cloudfront.net%2Fimage%2F5981%2Fimage%2Fsm-8006f8100c50aee751d5e74b228445bf.jpg&amp;w=256&amp;q=50   256w,
                                                                                            /_next/image?url=https%3A%2F%2Fd3tlizm80tjdt4.cloudfront.net%2Fimage%2F5981%2Fimage%2Fsm-8006f8100c50aee751d5e74b228445bf.jpg&amp;w=384&amp;q=50   384w,
                                                                                            /_next/image?url=https%3A%2F%2Fd3tlizm80tjdt4.cloudfront.net%2Fimage%2F5981%2Fimage%2Fsm-8006f8100c50aee751d5e74b228445bf.jpg&amp;w=640&amp;q=50   640w,
                                                                                            /_next/image?url=https%3A%2F%2Fd3tlizm80tjdt4.cloudfront.net%2Fimage%2F5981%2Fimage%2Fsm-8006f8100c50aee751d5e74b228445bf.jpg&amp;w=750&amp;q=50   750w,
                                                                                            /_next/image?url=https%3A%2F%2Fd3tlizm80tjdt4.cloudfront.net%2Fimage%2F5981%2Fimage%2Fsm-8006f8100c50aee751d5e74b228445bf.jpg&amp;w=828&amp;q=50   828w,
                                                                                            /_next/image?url=https%3A%2F%2Fd3tlizm80tjdt4.cloudfront.net%2Fimage%2F5981%2Fimage%2Fsm-8006f8100c50aee751d5e74b228445bf.jpg&amp;w=1080&amp;q=50 1080w,
                                                                                            /_next/image?url=https%3A%2F%2Fd3tlizm80tjdt4.cloudfront.net%2Fimage%2F5981%2Fimage%2Fsm-8006f8100c50aee751d5e74b228445bf.jpg&amp;w=1200&amp;q=50 1200w,
                                                                                            /_next/image?url=https%3A%2F%2Fd3tlizm80tjdt4.cloudfront.net%2Fimage%2F5981%2Fimage%2Fsm-8006f8100c50aee751d5e74b228445bf.jpg&amp;w=1920&amp;q=50 1920w,
                                                                                            /_next/image?url=https%3A%2F%2Fd3tlizm80tjdt4.cloudfront.net%2Fimage%2F5981%2Fimage%2Fsm-8006f8100c50aee751d5e74b228445bf.jpg&amp;w=2048&amp;q=50 2048w,
                                                                                            /_next/image?url=https%3A%2F%2Fd3tlizm80tjdt4.cloudfront.net%2Fimage%2F5981%2Fimage%2Fsm-8006f8100c50aee751d5e74b228445bf.jpg&amp;w=3840&amp;q=50 3840w
                                                                                        "
                                                                                        src="/_next/image?url=https%3A%2F%2Fd3tlizm80tjdt4.cloudfront.net%2Fimage%2F5981%2Fimage%2Fsm-8006f8100c50aee751d5e74b228445bf.jpg&amp;w=3840&amp;q=50"
                                                                                        style="
                                                                                            position: absolute;
                                                                                            height: 100%;
                                                                                            width: 100%;
                                                                                            inset: 0px;
                                                                                            color: transparent;
                                                                                        "
                                                                                    />
                                                                                </div>
                                                                                <div
                                                                                    class="css-o2ldmt"
                                                                                >
                                                                                    <p
                                                                                        class="chakra-text css-pbtft"
                                                                                    >
                                                                                        Cheese,
                                                                                        Monterey
                                                                                        Jack,
                                                                                        Loaf,
                                                                                        (2)
                                                                                        5
                                                                                        Lb
                                                                                        -
                                                                                        107600
                                                                                    </p>
                                                                                    <p
                                                                                        class="chakra-text css-w6ttxb"
                                                                                    >
                                                                                        Packer
                                                                                    </p>
                                                                                    <div
                                                                                        class="css-o2ldmt"
                                                                                    >
                                                                                        <div
                                                                                            class="css-zibc0q"
                                                                                        >
                                                                                            <div
                                                                                                class="css-j6qzfh"
                                                                                            >
                                                                                                <b
                                                                                                    class="chakra-text css-1vhzs63"
                                                                                                    >$18.45</b
                                                                                                ><span
                                                                                                    class="chakra-badge css-ff7g47"
                                                                                                    >$3.69/lb</span
                                                                                                >
                                                                                            </div>
                                                                                        </div>
                                                                                    </div>
                                                                                </div>
                                                                            </div>
                                                                        </div></a
                                                                    >
                                                                </div>
                                                            </div>
                                                        </div>
                                                    </div>
                                                    <div
                                                        data-index="-1"
                                                        tabindex="-1"
                                                        class="slick-slide slick-cloned"
                                                        aria-hidden="true"
                                                        style="width: 213px"
                                                    >
                                                        <div>
                                                            <div
                                                                tabindex="-1"
                                                                class="css-0"
                                                                style="
                                                                    width: 100%;
                                                                    display: inline-block;
                                                                "
                                                            >
                                                                <div
                                                                    class="p-2 css-0"
                                                                >
                                                                    <a
                                                                        class="chakra-card group css-5pmr4x"
                                                                        role="link"
                                                                        href="/sku/cheese-cheddar-sharp-slcd-interleaf-075-oz-8-103603/103603"
                                                                        ><div
                                                                            class="chakra-card__body css-1idwstw"
                                                                        >
                                                                            <div
                                                                                class="relative css-1bpq4gx"
                                                                            >
                                                                                <div
                                                                                    class="absolute right-0 z-10 css-0"
                                                                                >
                                                                                    <div
                                                                                        class="css-ckyhk3"
                                                                                    >
                                                                                        <div
                                                                                            role="group"
                                                                                            class="chakra-button__group css-1ind3v2"
                                                                                            data-orientation="horizontal"
                                                                                        >
                                                                                            <button
                                                                                                type="button"
                                                                                                class="chakra-button shadow-elevation-1 css-1lbuwe"
                                                                                                aria-label="Add to cart"
                                                                                            >
                                                                                                <svg
                                                                                                    stroke="currentColor"
                                                                                                    fill="currentColor"
                                                                                                    stroke-width="0"
                                                                                                    viewBox="0 0 16 16"
                                                                                                    focusable="false"
                                                                                                    class="chakra-icon css-6ey7w3"
                                                                                                    aria-hidden="true"
                                                                                                    height="1em"
                                                                                                    width="1em"
                                                                                                    xmlns="http://www.w3.org/2000/svg"
                                                                                                >
                                                                                                    <path
                                                                                                        d="M8 4a.5.5 0 0 1 .5.5v3h3a.5.5 0 0 1 0 1h-3v3a.5.5 0 0 1-1 0v-3h-3a.5.5 0 0 1 0-1h3v-3A.5.5 0 0 1 8 4"
                                                                                                    ></path>
                                                                                                </svg>
                                                                                            </button>
                                                                                        </div>
                                                                                    </div>
                                                                                </div>
                                                                                <div
                                                                                    class="relative h-full css-0"
                                                                                >
                                                                                    <img
                                                                                        alt="Cheese, Cheddar, Sharp, Slcd, Interleaf, 0.75 Oz, (8)  103603"
                                                                                        decoding="async"
                                                                                        data-nimg="fill"
                                                                                        class="object-contain object-top"
                                                                                        sizes="auto"
                                                                                        srcset="
                                                                                            /_next/image?url=https%3A%2F%2Fd3tlizm80tjdt4.cloudfront.net%2Fimage%2F10347%2Fimage%2Fsm-e678c1718263a65a402310e22e32ac8a.jpg&amp;w=16&amp;q=50     16w,
                                                                                            /_next/image?url=https%3A%2F%2Fd3tlizm80tjdt4.cloudfront.net%2Fimage%2F10347%2Fimage%2Fsm-e678c1718263a65a402310e22e32ac8a.jpg&amp;w=32&amp;q=50     32w,
                                                                                            /_next/image?url=https%3A%2F%2Fd3tlizm80tjdt4.cloudfront.net%2Fimage%2F10347%2Fimage%2Fsm-e678c1718263a65a402310e22e32ac8a.jpg&amp;w=48&amp;q=50     48w,
                                                                                            /_next/image?url=https%3A%2F%2Fd3tlizm80tjdt4.cloudfront.net%2Fimage%2F10347%2Fimage%2Fsm-e678c1718263a65a402310e22e32ac8a.jpg&amp;w=64&amp;q=50     64w,
                                                                                            /_next/image?url=https%3A%2F%2Fd3tlizm80tjdt4.cloudfront.net%2Fimage%2F10347%2Fimage%2Fsm-e678c1718263a65a402310e22e32ac8a.jpg&amp;w=96&amp;q=50     96w,
                                                                                            /_next/image?url=https%3A%2F%2Fd3tlizm80tjdt4.cloudfront.net%2Fimage%2F10347%2Fimage%2Fsm-e678c1718263a65a402310e22e32ac8a.jpg&amp;w=128&amp;q=50   128w,
                                                                                            /_next/image?url=https%3A%2F%2Fd3tlizm80tjdt4.cloudfront.net%2Fimage%2F10347%2Fimage%2Fsm-e678c1718263a65a402310e22e32ac8a.jpg&amp;w=256&amp;q=50   256w,
                                                                                            /_next/image?url=https%3A%2F%2Fd3tlizm80tjdt4.cloudfront.net%2Fimage%2F10347%2Fimage%2Fsm-e678c1718263a65a402310e22e32ac8a.jpg&amp;w=384&amp;q=50   384w,
                                                                                            /_next/image?url=https%3A%2F%2Fd3tlizm80tjdt4.cloudfront.net%2Fimage%2F10347%2Fimage%2Fsm-e678c1718263a65a402310e22e32ac8a.jpg&amp;w=640&amp;q=50   640w,
                                                                                            /_next/image?url=https%3A%2F%2Fd3tlizm80tjdt4.cloudfront.net%2Fimage%2F10347%2Fimage%2Fsm-e678c1718263a65a402310e22e32ac8a.jpg&amp;w=750&amp;q=50   750w,
                                                                                            /_next/image?url=https%3A%2F%2Fd3tlizm80tjdt4.cloudfront.net%2Fimage%2F10347%2Fimage%2Fsm-e678c1718263a65a402310e22e32ac8a.jpg&amp;w=828&amp;q=50   828w,
                                                                                            /_next/image?url=https%3A%2F%2Fd3tlizm80tjdt4.cloudfront.net%2Fimage%2F10347%2Fimage%2Fsm-e678c1718263a65a402310e22e32ac8a.jpg&amp;w=1080&amp;q=50 1080w,
                                                                                            /_next/image?url=https%3A%2F%2Fd3tlizm80tjdt4.cloudfront.net%2Fimage%2F10347%2Fimage%2Fsm-e678c1718263a65a402310e22e32ac8a.jpg&amp;w=1200&amp;q=50 1200w,
                                                                                            /_next/image?url=https%3A%2F%2Fd3tlizm80tjdt4.cloudfront.net%2Fimage%2F10347%2Fimage%2Fsm-e678c1718263a65a402310e22e32ac8a.jpg&amp;w=1920&amp;q=50 1920w,
                                                                                            /_next/image?url=https%3A%2F%2Fd3tlizm80tjdt4.cloudfront.net%2Fimage%2F10347%2Fimage%2Fsm-e678c1718263a65a402310e22e32ac8a.jpg&amp;w=2048&amp;q=50 2048w,
                                                                                            /_next/image?url=https%3A%2F%2Fd3tlizm80tjdt4.cloudfront.net%2Fimage%2F10347%2Fimage%2Fsm-e678c1718263a65a402310e22e32ac8a.jpg&amp;w=3840&amp;q=50 3840w
                                                                                        "
                                                                                        src="/_next/image?url=https%3A%2F%2Fd3tlizm80tjdt4.cloudfront.net%2Fimage%2F10347%2Fimage%2Fsm-e678c1718263a65a402310e22e32ac8a.jpg&amp;w=3840&amp;q=50"
                                                                                        style="
                                                                                            position: absolute;
                                                                                            height: 100%;
                                                                                            width: 100%;
                                                                                            inset: 0px;
                                                                                            color: transparent;
                                                                                        "
                                                                                    />
                                                                                </div>
                                                                                <div
                                                                                    class="css-o2ldmt"
                                                                                >
                                                                                    <p
                                                                                        class="chakra-text css-pbtft"
                                                                                    >
                                                                                        Cheese,
                                                                                        Cheddar,
                                                                                        Sharp,
                                                                                        Slcd,
                                                                                        Interleaf,
                                                                                        0.75
                                                                                        Oz,
                                                                                        (8)
                                                                                        103603
                                                                                    </p>
                                                                                    <p
                                                                                        class="chakra-text css-w6ttxb"
                                                                                    >
                                                                                        California
                                                                                        Select
                                                                                        Farms
                                                                                    </p>
                                                                                    <div
                                                                                        class="css-o2ldmt"
                                                                                    >
                                                                                        <div
                                                                                            class="css-zibc0q"
                                                                                        >
                                                                                            <div
                                                                                                class="css-j6qzfh"
                                                                                            >
                                                                                                <b
                                                                                                    class="chakra-text css-1vhzs63"
                                                                                                    >$9.56</b
                                                                                                ><span
                                                                                                    class="chakra-badge css-ff7g47"
                                                                                                    >$6.37/lb</span
                                                                                                >
                                                                                            </div>
                                                                                        </div>
                                                                                    </div>
                                                                                </div>
                                                                            </div>
                                                                        </div></a
                                                                    >
                                                                </div>
                                                            </div>
                                                        </div>
                                                    </div>
                                                    <div
                                                        data-index="0"
                                                        class="slick-slide slick-active slick-current"
                                                        tabindex="-1"
                                                        aria-hidden="false"
                                                        style="
                                                            outline: none;
                                                            width: 213px;
                                                        "
                                                    >
                                                        <div>
                                                            <div
                                                                tabindex="-1"
                                                                class="css-0"
                                                                style="
                                                                    width: 100%;
                                                                    display: inline-block;
                                                                "
                                                            >
                                                                <div
                                                                    class="p-2 css-0"
                                                                >
                                                                    <a
                                                                        class="chakra-card group css-5pmr4x"
                                                                        role="link"
                                                                        href="/sku/cheese-gruyere-imported-loaf-2-5-lb-108978/108978"
                                                                        ><div
                                                                            class="chakra-card__body css-1idwstw"
                                                                        >
                                                                            <div
                                                                                class="relative css-1bpq4gx"
                                                                            >
                                                                                <div
                                                                                    class="absolute right-0 z-10 css-0"
                                                                                >
                                                                                    <div
                                                                                        class="css-ckyhk3"
                                                                                    >
                                                                                        <div
                                                                                            role="group"
                                                                                            class="chakra-button__group css-1ind3v2"
                                                                                            data-orientation="horizontal"
                                                                                        >
                                                                                            <button
                                                                                                type="button"
                                                                                                class="chakra-button shadow-elevation-1 css-1lbuwe"
                                                                                                aria-label="Add to cart"
                                                                                            >
                                                                                                <svg
                                                                                                    stroke="currentColor"
                                                                                                    fill="currentColor"
                                                                                                    stroke-width="0"
                                                                                                    viewBox="0 0 16 16"
                                                                                                    focusable="false"
                                                                                                    class="chakra-icon css-6ey7w3"
                                                                                                    aria-hidden="true"
                                                                                                    height="1em"
                                                                                                    width="1em"
                                                                                                    xmlns="http://www.w3.org/2000/svg"
                                                                                                >
                                                                                                    <path
                                                                                                        d="M8 4a.5.5 0 0 1 .5.5v3h3a.5.5 0 0 1 0 1h-3v3a.5.5 0 0 1-1 0v-3h-3a.5.5 0 0 1 0-1h3v-3A.5.5 0 0 1 8 4"
                                                                                                    ></path>
                                                                                                </svg>
                                                                                            </button>
                                                                                        </div>
                                                                                    </div>
                                                                                </div>
                                                                                <div
                                                                                    class="relative h-full css-0"
                                                                                >
                                                                                    <img
                                                                                        alt="Cheese, Gruyere, Imported, Loaf, (2) 5 Lb - 108978"
                                                                                        decoding="async"
                                                                                        data-nimg="fill"
                                                                                        class="object-contain object-top"
                                                                                        sizes="auto"
                                                                                        srcset="
                                                                                            /_next/image?url=https%3A%2F%2Fd3tlizm80tjdt4.cloudfront.net%2Fimage%2F7423%2Fimage%2Fsm-05cc51bafdb84958b8c527b8a3a8fecb.jpg&amp;w=16&amp;q=50     16w,
                                                                                            /_next/image?url=https%3A%2F%2Fd3tlizm80tjdt4.cloudfront.net%2Fimage%2F7423%2Fimage%2Fsm-05cc51bafdb84958b8c527b8a3a8fecb.jpg&amp;w=32&amp;q=50     32w,
                                                                                            /_next/image?url=https%3A%2F%2Fd3tlizm80tjdt4.cloudfront.net%2Fimage%2F7423%2Fimage%2Fsm-05cc51bafdb84958b8c527b8a3a8fecb.jpg&amp;w=48&amp;q=50     48w,
                                                                                            /_next/image?url=https%3A%2F%2Fd3tlizm80tjdt4.cloudfront.net%2Fimage%2F7423%2Fimage%2Fsm-05cc51bafdb84958b8c527b8a3a8fecb.jpg&amp;w=64&amp;q=50     64w,
                                                                                            /_next/image?url=https%3A%2F%2Fd3tlizm80tjdt4.cloudfront.net%2Fimage%2F7423%2Fimage%2Fsm-05cc51bafdb84958b8c527b8a3a8fecb.jpg&amp;w=96&amp;q=50     96w,
                                                                                            /_next/image?url=https%3A%2F%2Fd3tlizm80tjdt4.cloudfront.net%2Fimage%2F7423%2Fimage%2Fsm-05cc51bafdb84958b8c527b8a3a8fecb.jpg&amp;w=128&amp;q=50   128w,
                                                                                            /_next/image?url=https%3A%2F%2Fd3tlizm80tjdt4.cloudfront.net%2Fimage%2F7423%2Fimage%2Fsm-05cc51bafdb84958b8c527b8a3a8fecb.jpg&amp;w=256&amp;q=50   256w,
                                                                                            /_next/image?url=https%3A%2F%2Fd3tlizm80tjdt4.cloudfront.net%2Fimage%2F7423%2Fimage%2Fsm-05cc51bafdb84958b8c527b8a3a8fecb.jpg&amp;w=384&amp;q=50   384w,
                                                                                            /_next/image?url=https%3A%2F%2Fd3tlizm80tjdt4.cloudfront.net%2Fimage%2F7423%2Fimage%2Fsm-05cc51bafdb84958b8c527b8a3a8fecb.jpg&amp;w=640&amp;q=50   640w,
                                                                                            /_next/image?url=https%3A%2F%2Fd3tlizm80tjdt4.cloudfront.net%2Fimage%2F7423%2Fimage%2Fsm-05cc51bafdb84958b8c527b8a3a8fecb.jpg&amp;w=750&amp;q=50   750w,
                                                                                            /_next/image?url=https%3A%2F%2Fd3tlizm80tjdt4.cloudfront.net%2Fimage%2F7423%2Fimage%2Fsm-05cc51bafdb84958b8c527b8a3a8fecb.jpg&amp;w=828&amp;q=50   828w,
                                                                                            /_next/image?url=https%3A%2F%2Fd3tlizm80tjdt4.cloudfront.net%2Fimage%2F7423%2Fimage%2Fsm-05cc51bafdb84958b8c527b8a3a8fecb.jpg&amp;w=1080&amp;q=50 1080w,
                                                                                            /_next/image?url=https%3A%2F%2Fd3tlizm80tjdt4.cloudfront.net%2Fimage%2F7423%2Fimage%2Fsm-05cc51bafdb84958b8c527b8a3a8fecb.jpg&amp;w=1200&amp;q=50 1200w,
                                                                                            /_next/image?url=https%3A%2F%2Fd3tlizm80tjdt4.cloudfront.net%2Fimage%2F7423%2Fimage%2Fsm-05cc51bafdb84958b8c527b8a3a8fecb.jpg&amp;w=1920&amp;q=50 1920w,
                                                                                            /_next/image?url=https%3A%2F%2Fd3tlizm80tjdt4.cloudfront.net%2Fimage%2F7423%2Fimage%2Fsm-05cc51bafdb84958b8c527b8a3a8fecb.jpg&amp;w=2048&amp;q=50 2048w,
                                                                                            /_next/image?url=https%3A%2F%2Fd3tlizm80tjdt4.cloudfront.net%2Fimage%2F7423%2Fimage%2Fsm-05cc51bafdb84958b8c527b8a3a8fecb.jpg&amp;w=3840&amp;q=50 3840w
                                                                                        "
                                                                                        src="/_next/image?url=https%3A%2F%2Fd3tlizm80tjdt4.cloudfront.net%2Fimage%2F7423%2Fimage%2Fsm-05cc51bafdb84958b8c527b8a3a8fecb.jpg&amp;w=3840&amp;q=50"
                                                                                        style="
                                                                                            position: absolute;
                                                                                            height: 100%;
                                                                                            width: 100%;
                                                                                            inset: 0px;
                                                                                            color: transparent;
                                                                                        "
                                                                                    />
                                                                                </div>
                                                                                <div
                                                                                    class="css-o2ldmt"
                                                                                >
                                                                                    <p
                                                                                        class="chakra-text css-pbtft"
                                                                                    >
                                                                                        Cheese,
                                                                                        Gruyere,
                                                                                        Imported,
                                                                                        Loaf,
                                                                                        (2)
                                                                                        5
                                                                                        Lb
                                                                                        -
                                                                                        108978
                                                                                    </p>
                                                                                    <p
                                                                                        class="chakra-text css-w6ttxb"
                                                                                    >
                                                                                        Packer
                                                                                    </p>
                                                                                    <div
                                                                                        class="css-o2ldmt"
                                                                                    >
                                                                                        <div
                                                                                            class="css-zibc0q"
                                                                                        >
                                                                                            <div
                                                                                                class="css-j6qzfh"
                                                                                            >
                                                                                                <b
                                                                                                    class="chakra-text css-1vhzs63"
                                                                                                    >$67.30</b
                                                                                                ><span
                                                                                                    class="chakra-badge css-ff7g47"
                                                                                                    >$13.46/lb</span
                                                                                                >
                                                                                            </div>
                                                                                        </div>
                                                                                    </div>
                                                                                </div>
                                                                            </div>
                                                                        </div></a
                                                                    >
                                                                </div>
                                                            </div>
                                                        </div>
                                                    </div>
                                                    <div
                                                        data-index="1"
                                                        class="slick-slide slick-active"
                                                        tabindex="-1"
                                                        aria-hidden="false"
                                                        style="
                                                            outline: none;
                                                            width: 213px;
                                                        "
                                                    >
                                                        <div>
                                                            <div
                                                                tabindex="-1"
                                                                class="css-0"
                                                                style="
                                                                    width: 100%;
                                                                    display: inline-block;
                                                                "
                                                            >
                                                                <div
                                                                    class="p-2 css-0"
                                                                >
                                                                    <a
                                                                        class="chakra-card group css-5pmr4x"
                                                                        role="link"
                                                                        href="/sku/cheese-swiss-sliced-8-15-lb-103602/103602"
                                                                        ><div
                                                                            class="chakra-card__body css-1idwstw"
                                                                        >
                                                                            <div
                                                                                class="relative css-1bpq4gx"
                                                                            >
                                                                                <div
                                                                                    class="absolute right-0 z-10 css-0"
                                                                                >
                                                                                    <div
                                                                                        class="css-ckyhk3"
                                                                                    >
                                                                                        <div
                                                                                            role="group"
                                                                                            class="chakra-button__group css-1ind3v2"
                                                                                            data-orientation="horizontal"
                                                                                        >
                                                                                            <button
                                                                                                type="button"
                                                                                                class="chakra-button shadow-elevation-1 css-1lbuwe"
                                                                                                aria-label="Add to cart"
                                                                                            >
                                                                                                <svg
                                                                                                    stroke="currentColor"
                                                                                                    fill="currentColor"
                                                                                                    stroke-width="0"
                                                                                                    viewBox="0 0 16 16"
                                                                                                    focusable="false"
                                                                                                    class="chakra-icon css-6ey7w3"
                                                                                                    aria-hidden="true"
                                                                                                    height="1em"
                                                                                                    width="1em"
                                                                                                    xmlns="http://www.w3.org/2000/svg"
                                                                                                >
                                                                                                    <path
                                                                                                        d="M8 4a.5.5 0 0 1 .5.5v3h3a.5.5 0 0 1 0 1h-3v3a.5.5 0 0 1-1 0v-3h-3a.5.5 0 0 1 0-1h3v-3A.5.5 0 0 1 8 4"
                                                                                                    ></path>
                                                                                                </svg>
                                                                                            </button>
                                                                                        </div>
                                                                                    </div>
                                                                                </div>
                                                                                <div
                                                                                    class="relative h-full css-0"
                                                                                >
                                                                                    <img
                                                                                        alt="Cheese, Swiss, Sliced, (8) 1.5 Lb - 103602"
                                                                                        decoding="async"
                                                                                        data-nimg="fill"
                                                                                        class="object-contain object-top"
                                                                                        sizes="auto"
                                                                                        srcset="
                                                                                            /_next/image?url=https%3A%2F%2Fd3tlizm80tjdt4.cloudfront.net%2Fimage%2F8967%2Fimage%2Fsm-e52f47ae6c00dd8381ee99b9ffda17dd.jpeg&amp;w=16&amp;q=50     16w,
                                                                                            /_next/image?url=https%3A%2F%2Fd3tlizm80tjdt4.cloudfront.net%2Fimage%2F8967%2Fimage%2Fsm-e52f47ae6c00dd8381ee99b9ffda17dd.jpeg&amp;w=32&amp;q=50     32w,
                                                                                            /_next/image?url=https%3A%2F%2Fd3tlizm80tjdt4.cloudfront.net%2Fimage%2F8967%2Fimage%2Fsm-e52f47ae6c00dd8381ee99b9ffda17dd.jpeg&amp;w=48&amp;q=50     48w,
                                                                                            /_next/image?url=https%3A%2F%2Fd3tlizm80tjdt4.cloudfront.net%2Fimage%2F8967%2Fimage%2Fsm-e52f47ae6c00dd8381ee99b9ffda17dd.jpeg&amp;w=64&amp;q=50     64w,
                                                                                            /_next/image?url=https%3A%2F%2Fd3tlizm80tjdt4.cloudfront.net%2Fimage%2F8967%2Fimage%2Fsm-e52f47ae6c00dd8381ee99b9ffda17dd.jpeg&amp;w=96&amp;q=50     96w,
                                                                                            /_next/image?url=https%3A%2F%2Fd3tlizm80tjdt4.cloudfront.net%2Fimage%2F8967%2Fimage%2Fsm-e52f47ae6c00dd8381ee99b9ffda17dd.jpeg&amp;w=128&amp;q=50   128w,
                                                                                            /_next/image?url=https%3A%2F%2Fd3tlizm80tjdt4.cloudfront.net%2Fimage%2F8967%2Fimage%2Fsm-e52f47ae6c00dd8381ee99b9ffda17dd.jpeg&amp;w=256&amp;q=50   256w,
                                                                                            /_next/image?url=https%3A%2F%2Fd3tlizm80tjdt4.cloudfront.net%2Fimage%2F8967%2Fimage%2Fsm-e52f47ae6c00dd8381ee99b9ffda17dd.jpeg&amp;w=384&amp;q=50   384w,
                                                                                            /_next/image?url=https%3A%2F%2Fd3tlizm80tjdt4.cloudfront.net%2Fimage%2F8967%2Fimage%2Fsm-e52f47ae6c00dd8381ee99b9ffda17dd.jpeg&amp;w=640&amp;q=50   640w,
                                                                                            /_next/image?url=https%3A%2F%2Fd3tlizm80tjdt4.cloudfront.net%2Fimage%2F8967%2Fimage%2Fsm-e52f47ae6c00dd8381ee99b9ffda17dd.jpeg&amp;w=750&amp;q=50   750w,
                                                                                            /_next/image?url=https%3A%2F%2Fd3tlizm80tjdt4.cloudfront.net%2Fimage%2F8967%2Fimage%2Fsm-e52f47ae6c00dd8381ee99b9ffda17dd.jpeg&amp;w=828&amp;q=50   828w,
                                                                                            /_next/image?url=https%3A%2F%2Fd3tlizm80tjdt4.cloudfront.net%2Fimage%2F8967%2Fimage%2Fsm-e52f47ae6c00dd8381ee99b9ffda17dd.jpeg&amp;w=1080&amp;q=50 1080w,
                                                                                            /_next/image?url=https%3A%2F%2Fd3tlizm80tjdt4.cloudfront.net%2Fimage%2F8967%2Fimage%2Fsm-e52f47ae6c00dd8381ee99b9ffda17dd.jpeg&amp;w=1200&amp;q=50 1200w,
                                                                                            /_next/image?url=https%3A%2F%2Fd3tlizm80tjdt4.cloudfront.net%2Fimage%2F8967%2Fimage%2Fsm-e52f47ae6c00dd8381ee99b9ffda17dd.jpeg&amp;w=1920&amp;q=50 1920w,
                                                                                            /_next/image?url=https%3A%2F%2Fd3tlizm80tjdt4.cloudfront.net%2Fimage%2F8967%2Fimage%2Fsm-e52f47ae6c00dd8381ee99b9ffda17dd.jpeg&amp;w=2048&amp;q=50 2048w,
                                                                                            /_next/image?url=https%3A%2F%2Fd3tlizm80tjdt4.cloudfront.net%2Fimage%2F8967%2Fimage%2Fsm-e52f47ae6c00dd8381ee99b9ffda17dd.jpeg&amp;w=3840&amp;q=50 3840w
                                                                                        "
                                                                                        src="/_next/image?url=https%3A%2F%2Fd3tlizm80tjdt4.cloudfront.net%2Fimage%2F8967%2Fimage%2Fsm-e52f47ae6c00dd8381ee99b9ffda17dd.jpeg&amp;w=3840&amp;q=50"
                                                                                        style="
                                                                                            position: absolute;
                                                                                            height: 100%;
                                                                                            width: 100%;
                                                                                            inset: 0px;
                                                                                            color: transparent;
                                                                                        "
                                                                                    />
                                                                                </div>
                                                                                <div
                                                                                    class="css-o2ldmt"
                                                                                >
                                                                                    <p
                                                                                        class="chakra-text css-pbtft"
                                                                                    >
                                                                                        Cheese,
                                                                                        Swiss,
                                                                                        Sliced,
                                                                                        (8)
                                                                                        1.5
                                                                                        Lb
                                                                                        -
                                                                                        103602
                                                                                    </p>
                                                                                    <p
                                                                                        class="chakra-text css-w6ttxb"
                                                                                    >
                                                                                        California
                                                                                        Select
                                                                                        Farms
                                                                                    </p>
                                                                                    <div
                                                                                        class="css-o2ldmt"
                                                                                    >
                                                                                        <div
                                                                                            class="css-zibc0q"
                                                                                        >
                                                                                            <div
                                                                                                class="css-j6qzfh"
                                                                                            >
                                                                                                <b
                                                                                                    class="chakra-text css-1vhzs63"
                                                                                                    >$8.12</b
                                                                                                ><span
                                                                                                    class="chakra-badge css-ff7g47"
                                                                                                    >$5.41/lb</span
                                                                                                >
                                                                                            </div>
                                                                                        </div>
                                                                                    </div>
                                                                                </div>
                                                                            </div>
                                                                        </div></a
                                                                    >
                                                                </div>
                                                            </div>
                                                        </div>
                                                    </div>
                                                    <div
                                                        data-index="2"
                                                        class="slick-slide slick-active"
                                                        tabindex="-1"
                                                        aria-hidden="false"
                                                        style="
                                                            outline: none;
                                                            width: 213px;
                                                        "
                                                    >
                                                        <div>
                                                            <div
                                                                tabindex="-1"
                                                                class="css-0"
                                                                style="
                                                                    width: 100%;
                                                                    display: inline-block;
                                                                "
                                                            >
                                                                <div
                                                                    class="p-2 css-0"
                                                                >
                                                                    <a
                                                                        class="chakra-card group css-5pmr4x"
                                                                        role="link"
                                                                        href="/sku/cheese-cheddar-mild-sliced-8-103600/103600"
                                                                        ><div
                                                                            class="chakra-card__body css-1idwstw"
                                                                        >
                                                                            <div
                                                                                class="relative css-1bpq4gx"
                                                                            >
                                                                                <div
                                                                                    class="absolute right-0 z-10 css-0"
                                                                                >
                                                                                    <div
                                                                                        class="css-ckyhk3"
                                                                                    >
                                                                                        <div
                                                                                            role="group"
                                                                                            class="chakra-button__group css-1ind3v2"
                                                                                            data-orientation="horizontal"
                                                                                        >
                                                                                            <button
                                                                                                type="button"
                                                                                                class="chakra-button shadow-elevation-1 css-1lbuwe"
                                                                                                aria-label="Add to cart"
                                                                                            >
                                                                                                <svg
                                                                                                    stroke="currentColor"
                                                                                                    fill="currentColor"
                                                                                                    stroke-width="0"
                                                                                                    viewBox="0 0 16 16"
                                                                                                    focusable="false"
                                                                                                    class="chakra-icon css-6ey7w3"
                                                                                                    aria-hidden="true"
                                                                                                    height="1em"
                                                                                                    width="1em"
                                                                                                    xmlns="http://www.w3.org/2000/svg"
                                                                                                >
                                                                                                    <path
                                                                                                        d="M8 4a.5.5 0 0 1 .5.5v3h3a.5.5 0 0 1 0 1h-3v3a.5.5 0 0 1-1 0v-3h-3a.5.5 0 0 1 0-1h3v-3A.5.5 0 0 1 8 4"
                                                                                                    ></path>
                                                                                                </svg>
                                                                                            </button>
                                                                                        </div>
                                                                                    </div>
                                                                                </div>
                                                                                <div
                                                                                    class="relative h-full css-0"
                                                                                >
                                                                                    <img
                                                                                        alt="Cheese, Cheddar, Mild, Sliced, (8) - 103600"
                                                                                        decoding="async"
                                                                                        data-nimg="fill"
                                                                                        class="object-contain object-top"
                                                                                        sizes="auto"
                                                                                        srcset="
                                                                                            /_next/image?url=https%3A%2F%2Fd3tlizm80tjdt4.cloudfront.net%2Fimage%2F8965%2Fimage%2Fsm-137bd810e22f0b816f7a749f30bb60f4.jpeg&amp;w=16&amp;q=50     16w,
                                                                                            /_next/image?url=https%3A%2F%2Fd3tlizm80tjdt4.cloudfront.net%2Fimage%2F8965%2Fimage%2Fsm-137bd810e22f0b816f7a749f30bb60f4.jpeg&amp;w=32&amp;q=50     32w,
                                                                                            /_next/image?url=https%3A%2F%2Fd3tlizm80tjdt4.cloudfront.net%2Fimage%2F8965%2Fimage%2Fsm-137bd810e22f0b816f7a749f30bb60f4.jpeg&amp;w=48&amp;q=50     48w,
                                                                                            /_next/image?url=https%3A%2F%2Fd3tlizm80tjdt4.cloudfront.net%2Fimage%2F8965%2Fimage%2Fsm-137bd810e22f0b816f7a749f30bb60f4.jpeg&amp;w=64&amp;q=50     64w,
                                                                                            /_next/image?url=https%3A%2F%2Fd3tlizm80tjdt4.cloudfront.net%2Fimage%2F8965%2Fimage%2Fsm-137bd810e22f0b816f7a749f30bb60f4.jpeg&amp;w=96&amp;q=50     96w,
                                                                                            /_next/image?url=https%3A%2F%2Fd3tlizm80tjdt4.cloudfront.net%2Fimage%2F8965%2Fimage%2Fsm-137bd810e22f0b816f7a749f30bb60f4.jpeg&amp;w=128&amp;q=50   128w,
                                                                                            /_next/image?url=https%3A%2F%2Fd3tlizm80tjdt4.cloudfront.net%2Fimage%2F8965%2Fimage%2Fsm-137bd810e22f0b816f7a749f30bb60f4.jpeg&amp;w=256&amp;q=50   256w,
                                                                                            /_next/image?url=https%3A%2F%2Fd3tlizm80tjdt4.cloudfront.net%2Fimage%2F8965%2Fimage%2Fsm-137bd810e22f0b816f7a749f30bb60f4.jpeg&amp;w=384&amp;q=50   384w,
                                                                                            /_next/image?url=https%3A%2F%2Fd3tlizm80tjdt4.cloudfront.net%2Fimage%2F8965%2Fimage%2Fsm-137bd810e22f0b816f7a749f30bb60f4.jpeg&amp;w=640&amp;q=50   640w,
                                                                                            /_next/image?url=https%3A%2F%2Fd3tlizm80tjdt4.cloudfront.net%2Fimage%2F8965%2Fimage%2Fsm-137bd810e22f0b816f7a749f30bb60f4.jpeg&amp;w=750&amp;q=50   750w,
                                                                                            /_next/image?url=https%3A%2F%2Fd3tlizm80tjdt4.cloudfront.net%2Fimage%2F8965%2Fimage%2Fsm-137bd810e22f0b816f7a749f30bb60f4.jpeg&amp;w=828&amp;q=50   828w,
                                                                                            /_next/image?url=https%3A%2F%2Fd3tlizm80tjdt4.cloudfront.net%2Fimage%2F8965%2Fimage%2Fsm-137bd810e22f0b816f7a749f30bb60f4.jpeg&amp;w=1080&amp;q=50 1080w,
                                                                                            /_next/image?url=https%3A%2F%2Fd3tlizm80tjdt4.cloudfront.net%2Fimage%2F8965%2Fimage%2Fsm-137bd810e22f0b816f7a749f30bb60f4.jpeg&amp;w=1200&amp;q=50 1200w,
                                                                                            /_next/image?url=https%3A%2F%2Fd3tlizm80tjdt4.cloudfront.net%2Fimage%2F8965%2Fimage%2Fsm-137bd810e22f0b816f7a749f30bb60f4.jpeg&amp;w=1920&amp;q=50 1920w,
                                                                                            /_next/image?url=https%3A%2F%2Fd3tlizm80tjdt4.cloudfront.net%2Fimage%2F8965%2Fimage%2Fsm-137bd810e22f0b816f7a749f30bb60f4.jpeg&amp;w=2048&amp;q=50 2048w,
                                                                                            /_next/image?url=https%3A%2F%2Fd3tlizm80tjdt4.cloudfront.net%2Fimage%2F8965%2Fimage%2Fsm-137bd810e22f0b816f7a749f30bb60f4.jpeg&amp;w=3840&amp;q=50 3840w
                                                                                        "
                                                                                        src="/_next/image?url=https%3A%2F%2Fd3tlizm80tjdt4.cloudfront.net%2Fimage%2F8965%2Fimage%2Fsm-137bd810e22f0b816f7a749f30bb60f4.jpeg&amp;w=3840&amp;q=50"
                                                                                        style="
                                                                                            position: absolute;
                                                                                            height: 100%;
                                                                                            width: 100%;
                                                                                            inset: 0px;
                                                                                            color: transparent;
                                                                                        "
                                                                                    />
                                                                                </div>
                                                                                <div
                                                                                    class="css-o2ldmt"
                                                                                >
                                                                                    <p
                                                                                        class="chakra-text css-pbtft"
                                                                                    >
                                                                                        Cheese,
                                                                                        Cheddar,
                                                                                        Mild,
                                                                                        Sliced,
                                                                                        (8)
                                                                                        -
                                                                                        103600
                                                                                    </p>
                                                                                    <p
                                                                                        class="chakra-text css-w6ttxb"
                                                                                    >
                                                                                        California
                                                                                        Select
                                                                                        Farms
                                                                                    </p>
                                                                                    <div
                                                                                        class="css-o2ldmt"
                                                                                    >
                                                                                        <div
                                                                                            class="css-zibc0q"
                                                                                        >
                                                                                            <div
                                                                                                class="css-j6qzfh"
                                                                                            >
                                                                                                <b
                                                                                                    class="chakra-text css-1vhzs63"
                                                                                                    >$6.89</b
                                                                                                ><span
                                                                                                    class="chakra-badge css-ff7g47"
                                                                                                    >$4.59/lb</span
                                                                                                >
                                                                                            </div>
                                                                                        </div>
                                                                                    </div>
                                                                                </div>
                                                                            </div>
                                                                        </div></a
                                                                    >
                                                                </div>
                                                            </div>
                                                        </div>
                                                    </div>
                                                    <div
                                                        data-index="3"
                                                        class="slick-slide slick-active"
                                                        tabindex="-1"
                                                        aria-hidden="false"
                                                        style="
                                                            outline: none;
                                                            width: 213px;
                                                        "
                                                    >
                                                        <div>
                                                            <div
                                                                tabindex="-1"
                                                                class="css-0"
                                                                style="
                                                                    width: 100%;
                                                                    display: inline-block;
                                                                "
                                                            >
                                                                <div
                                                                    class="p-2 css-0"
                                                                >
                                                                    <a
                                                                        class="chakra-card group css-5pmr4x"
                                                                        role="link"
                                                                        href="/sku/cheese-blend-mozz-wm-ps-premio-shred-65-lb-112492/112492"
                                                                        ><div
                                                                            class="chakra-card__body css-1idwstw"
                                                                        >
                                                                            <div
                                                                                class="relative css-1bpq4gx"
                                                                            >
                                                                                <div
                                                                                    class="absolute right-0 z-10 css-0"
                                                                                >
                                                                                    <div
                                                                                        class="css-ckyhk3"
                                                                                    >
                                                                                        <div
                                                                                            role="group"
                                                                                            class="chakra-button__group css-1ind3v2"
                                                                                            data-orientation="horizontal"
                                                                                        >
                                                                                            <button
                                                                                                type="button"
                                                                                                class="chakra-button shadow-elevation-1 css-1lbuwe"
                                                                                                aria-label="Add to cart"
                                                                                            >
                                                                                                <svg
                                                                                                    stroke="currentColor"
                                                                                                    fill="currentColor"
                                                                                                    stroke-width="0"
                                                                                                    viewBox="0 0 16 16"
                                                                                                    focusable="false"
                                                                                                    class="chakra-icon css-6ey7w3"
                                                                                                    aria-hidden="true"
                                                                                                    height="1em"
                                                                                                    width="1em"
                                                                                                    xmlns="http://www.w3.org/2000/svg"
                                                                                                >
                                                                                                    <path
                                                                                                        d="M8 4a.5.5 0 0 1 .5.5v3h3a.5.5 0 0 1 0 1h-3v3a.5.5 0 0 1-1 0v-3h-3a.5.5 0 0 1 0-1h3v-3A.5.5 0 0 1 8 4"
                                                                                                    ></path>
                                                                                                </svg>
                                                                                            </button>
                                                                                        </div>
                                                                                    </div>
                                                                                </div>
                                                                                <div
                                                                                    class="relative h-full css-0"
                                                                                >
                                                                                    <img
                                                                                        alt="Cheese, Blend, Mozz, Wm &amp; Ps, Premio Shred, 6/5 Lb - 112492"
                                                                                        decoding="async"
                                                                                        data-nimg="fill"
                                                                                        class="object-contain object-top"
                                                                                        sizes="auto"
                                                                                        srcset="
                                                                                            /_next/image?url=https%3A%2F%2Fd3tlizm80tjdt4.cloudfront.net%2Fimage%2F13860%2Fimage%2Fsm-1505a5e7aa7570e69e7ca77cf4c49a97.png&amp;w=16&amp;q=50     16w,
                                                                                            /_next/image?url=https%3A%2F%2Fd3tlizm80tjdt4.cloudfront.net%2Fimage%2F13860%2Fimage%2Fsm-1505a5e7aa7570e69e7ca77cf4c49a97.png&amp;w=32&amp;q=50     32w,
                                                                                            /_next/image?url=https%3A%2F%2Fd3tlizm80tjdt4.cloudfront.net%2Fimage%2F13860%2Fimage%2Fsm-1505a5e7aa7570e69e7ca77cf4c49a97.png&amp;w=48&amp;q=50     48w,
                                                                                            /_next/image?url=https%3A%2F%2Fd3tlizm80tjdt4.cloudfront.net%2Fimage%2F13860%2Fimage%2Fsm-1505a5e7aa7570e69e7ca77cf4c49a97.png&amp;w=64&amp;q=50     64w,
                                                                                            /_next/image?url=https%3A%2F%2Fd3tlizm80tjdt4.cloudfront.net%2Fimage%2F13860%2Fimage%2Fsm-1505a5e7aa7570e69e7ca77cf4c49a97.png&amp;w=96&amp;q=50     96w,
                                                                                            /_next/image?url=https%3A%2F%2Fd3tlizm80tjdt4.cloudfront.net%2Fimage%2F13860%2Fimage%2Fsm-1505a5e7aa7570e69e7ca77cf4c49a97.png&amp;w=128&amp;q=50   128w,
                                                                                            /_next/image?url=https%3A%2F%2Fd3tlizm80tjdt4.cloudfront.net%2Fimage%2F13860%2Fimage%2Fsm-1505a5e7aa7570e69e7ca77cf4c49a97.png&amp;w=256&amp;q=50   256w,
                                                                                            /_next/image?url=https%3A%2F%2Fd3tlizm80tjdt4.cloudfront.net%2Fimage%2F13860%2Fimage%2Fsm-1505a5e7aa7570e69e7ca77cf4c49a97.png&amp;w=384&amp;q=50   384w,
                                                                                            /_next/image?url=https%3A%2F%2Fd3tlizm80tjdt4.cloudfront.net%2Fimage%2F13860%2Fimage%2Fsm-1505a5e7aa7570e69e7ca77cf4c49a97.png&amp;w=640&amp;q=50   640w,
                                                                                            /_next/image?url=https%3A%2F%2Fd3tlizm80tjdt4.cloudfront.net%2Fimage%2F13860%2Fimage%2Fsm-1505a5e7aa7570e69e7ca77cf4c49a97.png&amp;w=750&amp;q=50   750w,
                                                                                            /_next/image?url=https%3A%2F%2Fd3tlizm80tjdt4.cloudfront.net%2Fimage%2F13860%2Fimage%2Fsm-1505a5e7aa7570e69e7ca77cf4c49a97.png&amp;w=828&amp;q=50   828w,
                                                                                            /_next/image?url=https%3A%2F%2Fd3tlizm80tjdt4.cloudfront.net%2Fimage%2F13860%2Fimage%2Fsm-1505a5e7aa7570e69e7ca77cf4c49a97.png&amp;w=1080&amp;q=50 1080w,
                                                                                            /_next/image?url=https%3A%2F%2Fd3tlizm80tjdt4.cloudfront.net%2Fimage%2F13860%2Fimage%2Fsm-1505a5e7aa7570e69e7ca77cf4c49a97.png&amp;w=1200&amp;q=50 1200w,
                                                                                            /_next/image?url=https%3A%2F%2Fd3tlizm80tjdt4.cloudfront.net%2Fimage%2F13860%2Fimage%2Fsm-1505a5e7aa7570e69e7ca77cf4c49a97.png&amp;w=1920&amp;q=50 1920w,
                                                                                            /_next/image?url=https%3A%2F%2Fd3tlizm80tjdt4.cloudfront.net%2Fimage%2F13860%2Fimage%2Fsm-1505a5e7aa7570e69e7ca77cf4c49a97.png&amp;w=2048&amp;q=50 2048w,
                                                                                            /_next/image?url=https%3A%2F%2Fd3tlizm80tjdt4.cloudfront.net%2Fimage%2F13860%2Fimage%2Fsm-1505a5e7aa7570e69e7ca77cf4c49a97.png&amp;w=3840&amp;q=50 3840w
                                                                                        "
                                                                                        src="/_next/image?url=https%3A%2F%2Fd3tlizm80tjdt4.cloudfront.net%2Fimage%2F13860%2Fimage%2Fsm-1505a5e7aa7570e69e7ca77cf4c49a97.png&amp;w=3840&amp;q=50"
                                                                                        style="
                                                                                            position: absolute;
                                                                                            height: 100%;
                                                                                            width: 100%;
                                                                                            inset: 0px;
                                                                                            color: transparent;
                                                                                        "
                                                                                    />
                                                                                </div>
                                                                                <div
                                                                                    class="css-o2ldmt"
                                                                                >
                                                                                    <p
                                                                                        class="chakra-text css-pbtft"
                                                                                    >
                                                                                        Cheese,
                                                                                        Blend,
                                                                                        Mozz,
                                                                                        Wm
                                                                                        &amp;
                                                                                        Ps,
                                                                                        Premio
                                                                                        Shred,
                                                                                        6/5
                                                                                        Lb
                                                                                        -
                                                                                        112492
                                                                                    </p>
                                                                                    <p
                                                                                        class="chakra-text css-w6ttxb"
                                                                                    >
                                                                                        Galbani
                                                                                        Premio
                                                                                    </p>
                                                                                    <div
                                                                                        class="css-o2ldmt"
                                                                                    >
                                                                                        <div
                                                                                            class="css-zibc0q"
                                                                                        >
                                                                                            <div
                                                                                                class="css-j6qzfh"
                                                                                            >
                                                                                                <b
                                                                                                    class="chakra-text css-1vhzs63"
                                                                                                    >$101.51</b
                                                                                                ><span
                                                                                                    class="chakra-badge css-ff7g47"
                                                                                                    >$3.38/lb</span
                                                                                                >
                                                                                            </div>
                                                                                            <p
                                                                                                class="chakra-text css-5hm120"
                                                                                            >
                                                                                                <svg
                                                                                                    stroke="currentColor"
                                                                                                    fill="currentColor"
                                                                                                    stroke-width="0"
                                                                                                    viewBox="0 0 24 24"
                                                                                                    height="1em"
                                                                                                    width="1em"
                                                                                                    xmlns="http://www.w3.org/2000/svg"
                                                                                                >
                                                                                                    <path
                                                                                                        d="M2.047 14.668a.994.994 0 0 0 .465.607l1.91 1.104v2.199a1 1 0 0 0 1 1h2.199l1.104 1.91a1.01 1.01 0 0 0 .866.5c.174 0 .347-.046.501-.135L12 20.75l1.91 1.104a1.001 1.001 0 0 0 1.366-.365l1.103-1.91h2.199a1 1 0 0 0 1-1V16.38l1.91-1.104a1 1 0 0 0 .365-1.367L20.75 12l1.104-1.908a1 1 0 0 0-.365-1.366l-1.91-1.104v-2.2a1 1 0 0 0-1-1H16.38l-1.103-1.909a1.008 1.008 0 0 0-.607-.466.993.993 0 0 0-.759.1L12 3.25l-1.909-1.104a1 1 0 0 0-1.366.365l-1.104 1.91H5.422a1 1 0 0 0-1 1V7.62l-1.91 1.104a1.003 1.003 0 0 0-.365 1.368L3.251 12l-1.104 1.908a1.009 1.009 0 0 0-.1.76zM12 13c-3.48 0-4-1.879-4-3 0-1.287 1.029-2.583 3-2.915V6.012h2v1.109c1.734.41 2.4 1.853 2.4 2.879h-1l-1 .018C13.386 9.638 13.185 9 12 9c-1.299 0-2 .515-2 1 0 .374 0 1 2 1 3.48 0 4 1.879 4 3 0 1.287-1.029 2.583-3 2.915V18h-2v-1.08c-2.339-.367-3-2.003-3-2.92h2c.011.143.159 1 2 1 1.38 0 2-.585 2-1 0-.325 0-1-2-1z"
                                                                                                    ></path></svg
                                                                                                ><span
                                                                                                    class="chakra-text css-87ralv"
                                                                                                    >Buy
                                                                                                    10+
                                                                                                    pay
                                                                                                    $98.46</span
                                                                                                >
                                                                                            </p>
                                                                                        </div>
                                                                                    </div>
                                                                                </div>
                                                                            </div>
                                                                        </div></a
                                                                    >
                                                                </div>
                                                            </div>
                                                        </div>
                                                    </div>
                                                    <div
                                                        data-index="4"
                                                        class="slick-slide slick-active"
                                                        tabindex="-1"
                                                        aria-hidden="false"
                                                        style="
                                                            outline: none;
                                                            width: 213px;
                                                        "
                                                    >
                                                        <div>
                                                            <div
                                                                tabindex="-1"
                                                                class="css-0"
                                                                style="
                                                                    width: 100%;
                                                                    display: inline-block;
                                                                "
                                                            >
                                                                <div
                                                                    class="p-2 css-0"
                                                                >
                                                                    <a
                                                                        class="chakra-card group css-5pmr4x"
                                                                        role="link"
                                                                        href="/sku/cheese-monterey-jack-block-40-lb-avg-103562/103562"
                                                                        ><div
                                                                            class="chakra-card__body css-1idwstw"
                                                                        >
                                                                            <div
                                                                                class="relative css-1bpq4gx"
                                                                            >
                                                                                <div
                                                                                    class="absolute right-0 z-10 css-0"
                                                                                >
                                                                                    <div
                                                                                        class="css-ckyhk3"
                                                                                    >
                                                                                        <div
                                                                                            role="group"
                                                                                            class="chakra-button__group css-1ind3v2"
                                                                                            data-orientation="horizontal"
                                                                                        >
                                                                                            <button
                                                                                                type="button"
                                                                                                class="chakra-button shadow-elevation-1 css-1lbuwe"
                                                                                                aria-label="Add to cart"
                                                                                            >
                                                                                                <svg
                                                                                                    stroke="currentColor"
                                                                                                    fill="currentColor"
                                                                                                    stroke-width="0"
                                                                                                    viewBox="0 0 16 16"
                                                                                                    focusable="false"
                                                                                                    class="chakra-icon css-6ey7w3"
                                                                                                    aria-hidden="true"
                                                                                                    height="1em"
                                                                                                    width="1em"
                                                                                                    xmlns="http://www.w3.org/2000/svg"
                                                                                                >
                                                                                                    <path
                                                                                                        d="M8 4a.5.5 0 0 1 .5.5v3h3a.5.5 0 0 1 0 1h-3v3a.5.5 0 0 1-1 0v-3h-3a.5.5 0 0 1 0-1h3v-3A.5.5 0 0 1 8 4"
                                                                                                    ></path>
                                                                                                </svg>
                                                                                            </button>
                                                                                        </div>
                                                                                    </div>
                                                                                </div>
                                                                                <div
                                                                                    class="relative h-full css-0"
                                                                                >
                                                                                    <img
                                                                                        alt="Cheese, Monterey Jack, Block, 40 Lb Avg - 103562"
                                                                                        decoding="async"
                                                                                        data-nimg="fill"
                                                                                        class="object-contain object-top"
                                                                                        sizes="auto"
                                                                                        srcset="
                                                                                            /_next/image?url=https%3A%2F%2Fd3tlizm80tjdt4.cloudfront.net%2Fimage%2F11519%2Fimage%2Fsm-6f1eb10583921d3db8a9df08b378c1bd.jpeg&amp;w=16&amp;q=50     16w,
                                                                                            /_next/image?url=https%3A%2F%2Fd3tlizm80tjdt4.cloudfront.net%2Fimage%2F11519%2Fimage%2Fsm-6f1eb10583921d3db8a9df08b378c1bd.jpeg&amp;w=32&amp;q=50     32w,
                                                                                            /_next/image?url=https%3A%2F%2Fd3tlizm80tjdt4.cloudfront.net%2Fimage%2F11519%2Fimage%2Fsm-6f1eb10583921d3db8a9df08b378c1bd.jpeg&amp;w=48&amp;q=50     48w,
                                                                                            /_next/image?url=https%3A%2F%2Fd3tlizm80tjdt4.cloudfront.net%2Fimage%2F11519%2Fimage%2Fsm-6f1eb10583921d3db8a9df08b378c1bd.jpeg&amp;w=64&amp;q=50     64w,
                                                                                            /_next/image?url=https%3A%2F%2Fd3tlizm80tjdt4.cloudfront.net%2Fimage%2F11519%2Fimage%2Fsm-6f1eb10583921d3db8a9df08b378c1bd.jpeg&amp;w=96&amp;q=50     96w,
                                                                                            /_next/image?url=https%3A%2F%2Fd3tlizm80tjdt4.cloudfront.net%2Fimage%2F11519%2Fimage%2Fsm-6f1eb10583921d3db8a9df08b378c1bd.jpeg&amp;w=128&amp;q=50   128w,
                                                                                            /_next/image?url=https%3A%2F%2Fd3tlizm80tjdt4.cloudfront.net%2Fimage%2F11519%2Fimage%2Fsm-6f1eb10583921d3db8a9df08b378c1bd.jpeg&amp;w=256&amp;q=50   256w,
                                                                                            /_next/image?url=https%3A%2F%2Fd3tlizm80tjdt4.cloudfront.net%2Fimage%2F11519%2Fimage%2Fsm-6f1eb10583921d3db8a9df08b378c1bd.jpeg&amp;w=384&amp;q=50   384w,
                                                                                            /_next/image?url=https%3A%2F%2Fd3tlizm80tjdt4.cloudfront.net%2Fimage%2F11519%2Fimage%2Fsm-6f1eb10583921d3db8a9df08b378c1bd.jpeg&amp;w=640&amp;q=50   640w,
                                                                                            /_next/image?url=https%3A%2F%2Fd3tlizm80tjdt4.cloudfront.net%2Fimage%2F11519%2Fimage%2Fsm-6f1eb10583921d3db8a9df08b378c1bd.jpeg&amp;w=750&amp;q=50   750w,
                                                                                            /_next/image?url=https%3A%2F%2Fd3tlizm80tjdt4.cloudfront.net%2Fimage%2F11519%2Fimage%2Fsm-6f1eb10583921d3db8a9df08b378c1bd.jpeg&amp;w=828&amp;q=50   828w,
                                                                                            /_next/image?url=https%3A%2F%2Fd3tlizm80tjdt4.cloudfront.net%2Fimage%2F11519%2Fimage%2Fsm-6f1eb10583921d3db8a9df08b378c1bd.jpeg&amp;w=1080&amp;q=50 1080w,
                                                                                            /_next/image?url=https%3A%2F%2Fd3tlizm80tjdt4.cloudfront.net%2Fimage%2F11519%2Fimage%2Fsm-6f1eb10583921d3db8a9df08b378c1bd.jpeg&amp;w=1200&amp;q=50 1200w,
                                                                                            /_next/image?url=https%3A%2F%2Fd3tlizm80tjdt4.cloudfront.net%2Fimage%2F11519%2Fimage%2Fsm-6f1eb10583921d3db8a9df08b378c1bd.jpeg&amp;w=1920&amp;q=50 1920w,
                                                                                            /_next/image?url=https%3A%2F%2Fd3tlizm80tjdt4.cloudfront.net%2Fimage%2F11519%2Fimage%2Fsm-6f1eb10583921d3db8a9df08b378c1bd.jpeg&amp;w=2048&amp;q=50 2048w,
                                                                                            /_next/image?url=https%3A%2F%2Fd3tlizm80tjdt4.cloudfront.net%2Fimage%2F11519%2Fimage%2Fsm-6f1eb10583921d3db8a9df08b378c1bd.jpeg&amp;w=3840&amp;q=50 3840w
                                                                                        "
                                                                                        src="/_next/image?url=https%3A%2F%2Fd3tlizm80tjdt4.cloudfront.net%2Fimage%2F11519%2Fimage%2Fsm-6f1eb10583921d3db8a9df08b378c1bd.jpeg&amp;w=3840&amp;q=50"
                                                                                        style="
                                                                                            position: absolute;
                                                                                            height: 100%;
                                                                                            width: 100%;
                                                                                            inset: 0px;
                                                                                            color: transparent;
                                                                                        "
                                                                                    />
                                                                                </div>
                                                                                <div
                                                                                    class="css-o2ldmt"
                                                                                >
                                                                                    <p
                                                                                        class="chakra-text css-pbtft"
                                                                                    >
                                                                                        Cheese,
                                                                                        Monterey
                                                                                        Jack,
                                                                                        Block,
                                                                                        40
                                                                                        Lb
                                                                                        Avg
                                                                                        -
                                                                                        103562
                                                                                    </p>
                                                                                    <p
                                                                                        class="chakra-text css-w6ttxb"
                                                                                    >
                                                                                        Packer
                                                                                    </p>
                                                                                    <p
                                                                                        class="chakra-text css-w6ttxb"
                                                                                    >
                                                                                        40
                                                                                        lbs
                                                                                    </p>
                                                                                    <div
                                                                                        class="css-o2ldmt"
                                                                                    >
                                                                                        <div
                                                                                            class="css-zibc0q"
                                                                                        >
                                                                                            <div
                                                                                                class="css-j6qzfh"
                                                                                            >
                                                                                                <b
                                                                                                    class="chakra-text css-1vhzs63"
                                                                                                    >$112.00</b
                                                                                                ><span
                                                                                                    class="chakra-badge css-ff7g47"
                                                                                                    >$2.80/lb</span
                                                                                                >
                                                                                            </div>
                                                                                        </div>
                                                                                    </div>
                                                                                </div>
                                                                            </div>
                                                                        </div></a
                                                                    >
                                                                </div>
                                                            </div>
                                                        </div>
                                                    </div>
                                                    <div
                                                        data-index="5"
                                                        class="slick-slide"
                                                        tabindex="-1"
                                                        aria-hidden="true"
                                                        style="
                                                            outline: none;
                                                            width: 213px;
                                                        "
                                                    >
                                                        <div>
                                                            <div
                                                                tabindex="-1"
                                                                class="css-0"
                                                                style="
                                                                    width: 100%;
                                                                    display: inline-block;
                                                                "
                                                            >
                                                                <div
                                                                    class="p-2 css-0"
                                                                >
                                                                    <a
                                                                        class="chakra-card group css-5pmr4x"
                                                                        role="link"
                                                                        href="/sku/cheese-asiago-shredded-6-5-lb-111711/111711"
                                                                        ><div
                                                                            class="chakra-card__body css-1idwstw"
                                                                        >
                                                                            <div
                                                                                class="relative css-1bpq4gx"
                                                                            >
                                                                                <div
                                                                                    class="absolute right-0 z-10 css-0"
                                                                                >
                                                                                    <div
                                                                                        class="css-ckyhk3"
                                                                                    >
                                                                                        <div
                                                                                            role="group"
                                                                                            class="chakra-button__group css-1ind3v2"
                                                                                            data-orientation="horizontal"
                                                                                        >
                                                                                            <button
                                                                                                type="button"
                                                                                                class="chakra-button shadow-elevation-1 css-1lbuwe"
                                                                                                aria-label="Add to cart"
                                                                                            >
                                                                                                <svg
                                                                                                    stroke="currentColor"
                                                                                                    fill="currentColor"
                                                                                                    stroke-width="0"
                                                                                                    viewBox="0 0 16 16"
                                                                                                    focusable="false"
                                                                                                    class="chakra-icon css-6ey7w3"
                                                                                                    aria-hidden="true"
                                                                                                    height="1em"
                                                                                                    width="1em"
                                                                                                    xmlns="http://www.w3.org/2000/svg"
                                                                                                >
                                                                                                    <path
                                                                                                        d="M8 4a.5.5 0 0 1 .5.5v3h3a.5.5 0 0 1 0 1h-3v3a.5.5 0 0 1-1 0v-3h-3a.5.5 0 0 1 0-1h3v-3A.5.5 0 0 1 8 4"
                                                                                                    ></path>
                                                                                                </svg>
                                                                                            </button>
                                                                                        </div>
                                                                                    </div>
                                                                                </div>
                                                                                <div
                                                                                    class="relative h-full css-0"
                                                                                >
                                                                                    <img
                                                                                        alt="Cheese, Asiago, Shredded, (6) 5 Lb - 111711"
                                                                                        decoding="async"
                                                                                        data-nimg="fill"
                                                                                        class="object-contain object-top"
                                                                                        sizes="auto"
                                                                                        srcset="
                                                                                            /_next/image?url=https%3A%2F%2Fd3tlizm80tjdt4.cloudfront.net%2Fimage%2F11540%2Fimage%2Fsm-dc389e1a3b99419ba379e3fb3916db94.png&amp;w=16&amp;q=50     16w,
                                                                                            /_next/image?url=https%3A%2F%2Fd3tlizm80tjdt4.cloudfront.net%2Fimage%2F11540%2Fimage%2Fsm-dc389e1a3b99419ba379e3fb3916db94.png&amp;w=32&amp;q=50     32w,
                                                                                            /_next/image?url=https%3A%2F%2Fd3tlizm80tjdt4.cloudfront.net%2Fimage%2F11540%2Fimage%2Fsm-dc389e1a3b99419ba379e3fb3916db94.png&amp;w=48&amp;q=50     48w,
                                                                                            /_next/image?url=https%3A%2F%2Fd3tlizm80tjdt4.cloudfront.net%2Fimage%2F11540%2Fimage%2Fsm-dc389e1a3b99419ba379e3fb3916db94.png&amp;w=64&amp;q=50     64w,
                                                                                            /_next/image?url=https%3A%2F%2Fd3tlizm80tjdt4.cloudfront.net%2Fimage%2F11540%2Fimage%2Fsm-dc389e1a3b99419ba379e3fb3916db94.png&amp;w=96&amp;q=50     96w,
                                                                                            /_next/image?url=https%3A%2F%2Fd3tlizm80tjdt4.cloudfront.net%2Fimage%2F11540%2Fimage%2Fsm-dc389e1a3b99419ba379e3fb3916db94.png&amp;w=128&amp;q=50   128w,
                                                                                            /_next/image?url=https%3A%2F%2Fd3tlizm80tjdt4.cloudfront.net%2Fimage%2F11540%2Fimage%2Fsm-dc389e1a3b99419ba379e3fb3916db94.png&amp;w=256&amp;q=50   256w,
                                                                                            /_next/image?url=https%3A%2F%2Fd3tlizm80tjdt4.cloudfront.net%2Fimage%2F11540%2Fimage%2Fsm-dc389e1a3b99419ba379e3fb3916db94.png&amp;w=384&amp;q=50   384w,
                                                                                            /_next/image?url=https%3A%2F%2Fd3tlizm80tjdt4.cloudfront.net%2Fimage%2F11540%2Fimage%2Fsm-dc389e1a3b99419ba379e3fb3916db94.png&amp;w=640&amp;q=50   640w,
                                                                                            /_next/image?url=https%3A%2F%2Fd3tlizm80tjdt4.cloudfront.net%2Fimage%2F11540%2Fimage%2Fsm-dc389e1a3b99419ba379e3fb3916db94.png&amp;w=750&amp;q=50   750w,
                                                                                            /_next/image?url=https%3A%2F%2Fd3tlizm80tjdt4.cloudfront.net%2Fimage%2F11540%2Fimage%2Fsm-dc389e1a3b99419ba379e3fb3916db94.png&amp;w=828&amp;q=50   828w,
                                                                                            /_next/image?url=https%3A%2F%2Fd3tlizm80tjdt4.cloudfront.net%2Fimage%2F11540%2Fimage%2Fsm-dc389e1a3b99419ba379e3fb3916db94.png&amp;w=1080&amp;q=50 1080w,
                                                                                            /_next/image?url=https%3A%2F%2Fd3tlizm80tjdt4.cloudfront.net%2Fimage%2F11540%2Fimage%2Fsm-dc389e1a3b99419ba379e3fb3916db94.png&amp;w=1200&amp;q=50 1200w,
                                                                                            /_next/image?url=https%3A%2F%2Fd3tlizm80tjdt4.cloudfront.net%2Fimage%2F11540%2Fimage%2Fsm-dc389e1a3b99419ba379e3fb3916db94.png&amp;w=1920&amp;q=50 1920w,
                                                                                            /_next/image?url=https%3A%2F%2Fd3tlizm80tjdt4.cloudfront.net%2Fimage%2F11540%2Fimage%2Fsm-dc389e1a3b99419ba379e3fb3916db94.png&amp;w=2048&amp;q=50 2048w,
                                                                                            /_next/image?url=https%3A%2F%2Fd3tlizm80tjdt4.cloudfront.net%2Fimage%2F11540%2Fimage%2Fsm-dc389e1a3b99419ba379e3fb3916db94.png&amp;w=3840&amp;q=50 3840w
                                                                                        "
                                                                                        src="/_next/image?url=https%3A%2F%2Fd3tlizm80tjdt4.cloudfront.net%2Fimage%2F11540%2Fimage%2Fsm-dc389e1a3b99419ba379e3fb3916db94.png&amp;w=3840&amp;q=50"
                                                                                        style="
                                                                                            position: absolute;
                                                                                            height: 100%;
                                                                                            width: 100%;
                                                                                            inset: 0px;
                                                                                            color: transparent;
                                                                                        "
                                                                                    />
                                                                                </div>
                                                                                <div
                                                                                    class="css-o2ldmt"
                                                                                >
                                                                                    <p
                                                                                        class="chakra-text css-pbtft"
                                                                                    >
                                                                                        Cheese,
                                                                                        Asiago,
                                                                                        Shredded,
                                                                                        (6)
                                                                                        5
                                                                                        Lb
                                                                                        -
                                                                                        111711
                                                                                    </p>
                                                                                    <p
                                                                                        class="chakra-text css-w6ttxb"
                                                                                    >
                                                                                        Galbani
                                                                                    </p>
                                                                                    <div
                                                                                        class="css-o2ldmt"
                                                                                    >
                                                                                        <div
                                                                                            class="css-zibc0q"
                                                                                        >
                                                                                            <div
                                                                                                class="css-j6qzfh"
                                                                                            >
                                                                                                <b
                                                                                                    class="chakra-text css-1vhzs63"
                                                                                                    >$26.06</b
                                                                                                ><span
                                                                                                    class="chakra-badge css-ff7g47"
                                                                                                    >$5.21/lb</span
                                                                                                >
                                                                                            </div>
                                                                                        </div>
                                                                                    </div>
                                                                                </div>
                                                                            </div>
                                                                        </div></a
                                                                    >
                                                                </div>
                                                            </div>
                                                        </div>
                                                    </div>
                                                    <div
                                                        data-index="6"
                                                        class="slick-slide"
                                                        tabindex="-1"
                                                        aria-hidden="true"
                                                        style="
                                                            outline: none;
                                                            width: 213px;
                                                        "
                                                    >
                                                        <div>
                                                            <div
                                                                tabindex="-1"
                                                                class="css-0"
                                                                style="
                                                                    width: 100%;
                                                                    display: inline-block;
                                                                "
                                                            >
                                                                <div
                                                                    class="p-2 css-0"
                                                                >
                                                                    <a
                                                                        class="chakra-card group css-5pmr4x"
                                                                        role="link"
                                                                        href="/sku/cheese-provolone-sliced-8-15-lb-103601/103601"
                                                                        ><div
                                                                            class="chakra-card__body css-1idwstw"
                                                                        >
                                                                            <div
                                                                                class="relative css-1bpq4gx"
                                                                            >
                                                                                <div
                                                                                    class="absolute right-0 z-10 css-0"
                                                                                >
                                                                                    <div
                                                                                        class="css-ckyhk3"
                                                                                    >
                                                                                        <div
                                                                                            role="group"
                                                                                            class="chakra-button__group css-1ind3v2"
                                                                                            data-orientation="horizontal"
                                                                                        >
                                                                                            <button
                                                                                                type="button"
                                                                                                class="chakra-button shadow-elevation-1 css-1lbuwe"
                                                                                                aria-label="Add to cart"
                                                                                            >
                                                                                                <svg
                                                                                                    stroke="currentColor"
                                                                                                    fill="currentColor"
                                                                                                    stroke-width="0"
                                                                                                    viewBox="0 0 16 16"
                                                                                                    focusable="false"
                                                                                                    class="chakra-icon css-6ey7w3"
                                                                                                    aria-hidden="true"
                                                                                                    height="1em"
                                                                                                    width="1em"
                                                                                                    xmlns="http://www.w3.org/2000/svg"
                                                                                                >
                                                                                                    <path
                                                                                                        d="M8 4a.5.5 0 0 1 .5.5v3h3a.5.5 0 0 1 0 1h-3v3a.5.5 0 0 1-1 0v-3h-3a.5.5 0 0 1 0-1h3v-3A.5.5 0 0 1 8 4"
                                                                                                    ></path>
                                                                                                </svg>
                                                                                            </button>
                                                                                        </div>
                                                                                    </div>
                                                                                </div>
                                                                                <div
                                                                                    class="relative h-full css-0"
                                                                                >
                                                                                    <img
                                                                                        alt="Cheese, Provolone, Sliced, (8) 1.5 Lb - 103601"
                                                                                        decoding="async"
                                                                                        data-nimg="fill"
                                                                                        class="object-contain object-top"
                                                                                        sizes="auto"
                                                                                        srcset="
                                                                                            /_next/image?url=https%3A%2F%2Fd3tlizm80tjdt4.cloudfront.net%2Fimage%2F8966%2Fimage%2Fsm-0ad8abe6c7be4ec1371aa99b8a1fe80d.jpeg&amp;w=16&amp;q=50     16w,
                                                                                            /_next/image?url=https%3A%2F%2Fd3tlizm80tjdt4.cloudfront.net%2Fimage%2F8966%2Fimage%2Fsm-0ad8abe6c7be4ec1371aa99b8a1fe80d.jpeg&amp;w=32&amp;q=50     32w,
                                                                                            /_next/image?url=https%3A%2F%2Fd3tlizm80tjdt4.cloudfront.net%2Fimage%2F8966%2Fimage%2Fsm-0ad8abe6c7be4ec1371aa99b8a1fe80d.jpeg&amp;w=48&amp;q=50     48w,
                                                                                            /_next/image?url=https%3A%2F%2Fd3tlizm80tjdt4.cloudfront.net%2Fimage%2F8966%2Fimage%2Fsm-0ad8abe6c7be4ec1371aa99b8a1fe80d.jpeg&amp;w=64&amp;q=50     64w,
                                                                                            /_next/image?url=https%3A%2F%2Fd3tlizm80tjdt4.cloudfront.net%2Fimage%2F8966%2Fimage%2Fsm-0ad8abe6c7be4ec1371aa99b8a1fe80d.jpeg&amp;w=96&amp;q=50     96w,
                                                                                            /_next/image?url=https%3A%2F%2Fd3tlizm80tjdt4.cloudfront.net%2Fimage%2F8966%2Fimage%2Fsm-0ad8abe6c7be4ec1371aa99b8a1fe80d.jpeg&amp;w=128&amp;q=50   128w,
                                                                                            /_next/image?url=https%3A%2F%2Fd3tlizm80tjdt4.cloudfront.net%2Fimage%2F8966%2Fimage%2Fsm-0ad8abe6c7be4ec1371aa99b8a1fe80d.jpeg&amp;w=256&amp;q=50   256w,
                                                                                            /_next/image?url=https%3A%2F%2Fd3tlizm80tjdt4.cloudfront.net%2Fimage%2F8966%2Fimage%2Fsm-0ad8abe6c7be4ec1371aa99b8a1fe80d.jpeg&amp;w=384&amp;q=50   384w,
                                                                                            /_next/image?url=https%3A%2F%2Fd3tlizm80tjdt4.cloudfront.net%2Fimage%2F8966%2Fimage%2Fsm-0ad8abe6c7be4ec1371aa99b8a1fe80d.jpeg&amp;w=640&amp;q=50   640w,
                                                                                            /_next/image?url=https%3A%2F%2Fd3tlizm80tjdt4.cloudfront.net%2Fimage%2F8966%2Fimage%2Fsm-0ad8abe6c7be4ec1371aa99b8a1fe80d.jpeg&amp;w=750&amp;q=50   750w,
                                                                                            /_next/image?url=https%3A%2F%2Fd3tlizm80tjdt4.cloudfront.net%2Fimage%2F8966%2Fimage%2Fsm-0ad8abe6c7be4ec1371aa99b8a1fe80d.jpeg&amp;w=828&amp;q=50   828w,
                                                                                            /_next/image?url=https%3A%2F%2Fd3tlizm80tjdt4.cloudfront.net%2Fimage%2F8966%2Fimage%2Fsm-0ad8abe6c7be4ec1371aa99b8a1fe80d.jpeg&amp;w=1080&amp;q=50 1080w,
                                                                                            /_next/image?url=https%3A%2F%2Fd3tlizm80tjdt4.cloudfront.net%2Fimage%2F8966%2Fimage%2Fsm-0ad8abe6c7be4ec1371aa99b8a1fe80d.jpeg&amp;w=1200&amp;q=50 1200w,
                                                                                            /_next/image?url=https%3A%2F%2Fd3tlizm80tjdt4.cloudfront.net%2Fimage%2F8966%2Fimage%2Fsm-0ad8abe6c7be4ec1371aa99b8a1fe80d.jpeg&amp;w=1920&amp;q=50 1920w,
                                                                                            /_next/image?url=https%3A%2F%2Fd3tlizm80tjdt4.cloudfront.net%2Fimage%2F8966%2Fimage%2Fsm-0ad8abe6c7be4ec1371aa99b8a1fe80d.jpeg&amp;w=2048&amp;q=50 2048w,
                                                                                            /_next/image?url=https%3A%2F%2Fd3tlizm80tjdt4.cloudfront.net%2Fimage%2F8966%2Fimage%2Fsm-0ad8abe6c7be4ec1371aa99b8a1fe80d.jpeg&amp;w=3840&amp;q=50 3840w
                                                                                        "
                                                                                        src="/_next/image?url=https%3A%2F%2Fd3tlizm80tjdt4.cloudfront.net%2Fimage%2F8966%2Fimage%2Fsm-0ad8abe6c7be4ec1371aa99b8a1fe80d.jpeg&amp;w=3840&amp;q=50"
                                                                                        style="
                                                                                            position: absolute;
                                                                                            height: 100%;
                                                                                            width: 100%;
                                                                                            inset: 0px;
                                                                                            color: transparent;
                                                                                        "
                                                                                    />
                                                                                </div>
                                                                                <div
                                                                                    class="css-o2ldmt"
                                                                                >
                                                                                    <p
                                                                                        class="chakra-text css-pbtft"
                                                                                    >
                                                                                        Cheese,
                                                                                        Provolone,
                                                                                        Sliced,
                                                                                        (8)
                                                                                        1.5
                                                                                        Lb
                                                                                        -
                                                                                        103601
                                                                                    </p>
                                                                                    <p
                                                                                        class="chakra-text css-w6ttxb"
                                                                                    >
                                                                                        California
                                                                                        Select
                                                                                        Farms
                                                                                    </p>
                                                                                    <div
                                                                                        class="css-o2ldmt"
                                                                                    >
                                                                                        <div
                                                                                            class="css-zibc0q"
                                                                                        >
                                                                                            <div
                                                                                                class="css-j6qzfh"
                                                                                            >
                                                                                                <b
                                                                                                    class="chakra-text css-1vhzs63"
                                                                                                    >$6.58</b
                                                                                                ><span
                                                                                                    class="chakra-badge css-ff7g47"
                                                                                                    >$4.39/lb</span
                                                                                                >
                                                                                            </div>
                                                                                        </div>
                                                                                    </div>
                                                                                </div>
                                                                            </div>
                                                                        </div></a
                                                                    >
                                                                </div>
                                                            </div>
                                                        </div>
                                                    </div>
                                                    <div
                                                        data-index="7"
                                                        class="slick-slide"
                                                        tabindex="-1"
                                                        aria-hidden="true"
                                                        style="
                                                            outline: none;
                                                            width: 213px;
                                                        "
                                                    >
                                                        <div>
                                                            <div
                                                                tabindex="-1"
                                                                class="css-0"
                                                                style="
                                                                    width: 100%;
                                                                    display: inline-block;
                                                                "
                                                            >
                                                                <div
                                                                    class="p-2 css-0"
                                                                >
                                                                    <a
                                                                        class="chakra-card group css-5pmr4x"
                                                                        role="link"
                                                                        href="/sku/cheese-5-blend-moz-wmlmlmpsprovparmroma-65-lb-123784/123784"
                                                                        ><div
                                                                            class="chakra-card__body css-1idwstw"
                                                                        >
                                                                            <div
                                                                                class="relative css-1bpq4gx"
                                                                            >
                                                                                <div
                                                                                    class="absolute right-0 z-10 css-0"
                                                                                >
                                                                                    <div
                                                                                        class="css-ckyhk3"
                                                                                    >
                                                                                        <div
                                                                                            role="group"
                                                                                            class="chakra-button__group css-1ind3v2"
                                                                                            data-orientation="horizontal"
                                                                                        >
                                                                                            <button
                                                                                                type="button"
                                                                                                class="chakra-button shadow-elevation-1 css-1lbuwe"
                                                                                                aria-label="Add to cart"
                                                                                            >
                                                                                                <svg
                                                                                                    stroke="currentColor"
                                                                                                    fill="currentColor"
                                                                                                    stroke-width="0"
                                                                                                    viewBox="0 0 16 16"
                                                                                                    focusable="false"
                                                                                                    class="chakra-icon css-6ey7w3"
                                                                                                    aria-hidden="true"
                                                                                                    height="1em"
                                                                                                    width="1em"
                                                                                                    xmlns="http://www.w3.org/2000/svg"
                                                                                                >
                                                                                                    <path
                                                                                                        d="M8 4a.5.5 0 0 1 .5.5v3h3a.5.5 0 0 1 0 1h-3v3a.5.5 0 0 1-1 0v-3h-3a.5.5 0 0 1 0-1h3v-3A.5.5 0 0 1 8 4"
                                                                                                    ></path>
                                                                                                </svg>
                                                                                            </button>
                                                                                        </div>
                                                                                    </div>
                                                                                </div>
                                                                                <div
                                                                                    class="relative h-full css-0"
                                                                                >
                                                                                    <img
                                                                                        alt="Cheese, 5 Blend, Moz Wmlm/lmps/prov/parm/roma, 6/5 Lb - 123784"
                                                                                        decoding="async"
                                                                                        data-nimg="fill"
                                                                                        class="object-contain object-top"
                                                                                        sizes="auto"
                                                                                        srcset="
                                                                                            /_next/image?url=https%3A%2F%2Fd3tlizm80tjdt4.cloudfront.net%2Fremote_images%2Fimage%2F7464%2Fsmall%2F4c120c44089fd73a9dc6802b21106ba43711bda636e75afc96.jpg&amp;w=16&amp;q=50     16w,
                                                                                            /_next/image?url=https%3A%2F%2Fd3tlizm80tjdt4.cloudfront.net%2Fremote_images%2Fimage%2F7464%2Fsmall%2F4c120c44089fd73a9dc6802b21106ba43711bda636e75afc96.jpg&amp;w=32&amp;q=50     32w,
                                                                                            /_next/image?url=https%3A%2F%2Fd3tlizm80tjdt4.cloudfront.net%2Fremote_images%2Fimage%2F7464%2Fsmall%2F4c120c44089fd73a9dc6802b21106ba43711bda636e75afc96.jpg&amp;w=48&amp;q=50     48w,
                                                                                            /_next/image?url=https%3A%2F%2Fd3tlizm80tjdt4.cloudfront.net%2Fremote_images%2Fimage%2F7464%2Fsmall%2F4c120c44089fd73a9dc6802b21106ba43711bda636e75afc96.jpg&amp;w=64&amp;q=50     64w,
                                                                                            /_next/image?url=https%3A%2F%2Fd3tlizm80tjdt4.cloudfront.net%2Fremote_images%2Fimage%2F7464%2Fsmall%2F4c120c44089fd73a9dc6802b21106ba43711bda636e75afc96.jpg&amp;w=96&amp;q=50     96w,
                                                                                            /_next/image?url=https%3A%2F%2Fd3tlizm80tjdt4.cloudfront.net%2Fremote_images%2Fimage%2F7464%2Fsmall%2F4c120c44089fd73a9dc6802b21106ba43711bda636e75afc96.jpg&amp;w=128&amp;q=50   128w,
                                                                                            /_next/image?url=https%3A%2F%2Fd3tlizm80tjdt4.cloudfront.net%2Fremote_images%2Fimage%2F7464%2Fsmall%2F4c120c44089fd73a9dc6802b21106ba43711bda636e75afc96.jpg&amp;w=256&amp;q=50   256w,
                                                                                            /_next/image?url=https%3A%2F%2Fd3tlizm80tjdt4.cloudfront.net%2Fremote_images%2Fimage%2F7464%2Fsmall%2F4c120c44089fd73a9dc6802b21106ba43711bda636e75afc96.jpg&amp;w=384&amp;q=50   384w,
                                                                                            /_next/image?url=https%3A%2F%2Fd3tlizm80tjdt4.cloudfront.net%2Fremote_images%2Fimage%2F7464%2Fsmall%2F4c120c44089fd73a9dc6802b21106ba43711bda636e75afc96.jpg&amp;w=640&amp;q=50   640w,
                                                                                            /_next/image?url=https%3A%2F%2Fd3tlizm80tjdt4.cloudfront.net%2Fremote_images%2Fimage%2F7464%2Fsmall%2F4c120c44089fd73a9dc6802b21106ba43711bda636e75afc96.jpg&amp;w=750&amp;q=50   750w,
                                                                                            /_next/image?url=https%3A%2F%2Fd3tlizm80tjdt4.cloudfront.net%2Fremote_images%2Fimage%2F7464%2Fsmall%2F4c120c44089fd73a9dc6802b21106ba43711bda636e75afc96.jpg&amp;w=828&amp;q=50   828w,
                                                                                            /_next/image?url=https%3A%2F%2Fd3tlizm80tjdt4.cloudfront.net%2Fremote_images%2Fimage%2F7464%2Fsmall%2F4c120c44089fd73a9dc6802b21106ba43711bda636e75afc96.jpg&amp;w=1080&amp;q=50 1080w,
                                                                                            /_next/image?url=https%3A%2F%2Fd3tlizm80tjdt4.cloudfront.net%2Fremote_images%2Fimage%2F7464%2Fsmall%2F4c120c44089fd73a9dc6802b21106ba43711bda636e75afc96.jpg&amp;w=1200&amp;q=50 1200w,
                                                                                            /_next/image?url=https%3A%2F%2Fd3tlizm80tjdt4.cloudfront.net%2Fremote_images%2Fimage%2F7464%2Fsmall%2F4c120c44089fd73a9dc6802b21106ba43711bda636e75afc96.jpg&amp;w=1920&amp;q=50 1920w,
                                                                                            /_next/image?url=https%3A%2F%2Fd3tlizm80tjdt4.cloudfront.net%2Fremote_images%2Fimage%2F7464%2Fsmall%2F4c120c44089fd73a9dc6802b21106ba43711bda636e75afc96.jpg&amp;w=2048&amp;q=50 2048w,
                                                                                            /_next/image?url=https%3A%2F%2Fd3tlizm80tjdt4.cloudfront.net%2Fremote_images%2Fimage%2F7464%2Fsmall%2F4c120c44089fd73a9dc6802b21106ba43711bda636e75afc96.jpg&amp;w=3840&amp;q=50 3840w
                                                                                        "
                                                                                        src="/_next/image?url=https%3A%2F%2Fd3tlizm80tjdt4.cloudfront.net%2Fremote_images%2Fimage%2F7464%2Fsmall%2F4c120c44089fd73a9dc6802b21106ba43711bda636e75afc96.jpg&amp;w=3840&amp;q=50"
                                                                                        style="
                                                                                            position: absolute;
                                                                                            height: 100%;
                                                                                            width: 100%;
                                                                                            inset: 0px;
                                                                                            color: transparent;
                                                                                        "
                                                                                    />
                                                                                </div>
                                                                                <div
                                                                                    class="css-o2ldmt"
                                                                                >
                                                                                    <p
                                                                                        class="chakra-text css-pbtft"
                                                                                    >
                                                                                        Cheese,
                                                                                        5
                                                                                        Blend,
                                                                                        Moz
                                                                                        Wmlm/lmps/prov/parm/roma,
                                                                                        6/5
                                                                                        Lb
                                                                                        -
                                                                                        123784
                                                                                    </p>
                                                                                    <p
                                                                                        class="chakra-text css-w6ttxb"
                                                                                    >
                                                                                        Galbani
                                                                                    </p>
                                                                                    <div
                                                                                        class="css-o2ldmt"
                                                                                    >
                                                                                        <div
                                                                                            class="css-zibc0q"
                                                                                        >
                                                                                            <div
                                                                                                class="css-j6qzfh"
                                                                                            >
                                                                                                <b
                                                                                                    class="chakra-text css-1vhzs63"
                                                                                                    >$96.18</b
                                                                                                ><span
                                                                                                    class="chakra-badge css-ff7g47"
                                                                                                    >$3.21/lb</span
                                                                                                >
                                                                                            </div>
                                                                                        </div>
                                                                                    </div>
                                                                                </div>
                                                                            </div>
                                                                        </div></a
                                                                    >
                                                                </div>
                                                            </div>
                                                        </div>
                                                    </div>
                                                    <div
                                                        data-index="8"
                                                        class="slick-slide"
                                                        tabindex="-1"
                                                        aria-hidden="true"
                                                        style="
                                                            outline: none;
                                                            width: 213px;
                                                        "
                                                    >
                                                        <div>
                                                            <div
                                                                tabindex="-1"
                                                                class="css-0"
                                                                style="
                                                                    width: 100%;
                                                                    display: inline-block;
                                                                "
                                                            >
                                                                <div
                                                                    class="p-2 css-0"
                                                                >
                                                                    <a
                                                                        class="chakra-card group css-5pmr4x"
                                                                        role="link"
                                                                        href="/sku/cheese-cream-loaf-philadelphia-6-3-lb-103663/103663"
                                                                        ><div
                                                                            class="chakra-card__body css-1idwstw"
                                                                        >
                                                                            <div
                                                                                class="relative css-1bpq4gx"
                                                                            >
                                                                                <div
                                                                                    class="absolute right-0 z-10 css-0"
                                                                                >
                                                                                    <div
                                                                                        class="css-ckyhk3"
                                                                                    >
                                                                                        <div
                                                                                            role="group"
                                                                                            class="chakra-button__group css-1ind3v2"
                                                                                            data-orientation="horizontal"
                                                                                        >
                                                                                            <button
                                                                                                type="button"
                                                                                                class="chakra-button shadow-elevation-1 css-1lbuwe"
                                                                                                aria-label="Add to cart"
                                                                                            >
                                                                                                <svg
                                                                                                    stroke="currentColor"
                                                                                                    fill="currentColor"
                                                                                                    stroke-width="0"
                                                                                                    viewBox="0 0 16 16"
                                                                                                    focusable="false"
                                                                                                    class="chakra-icon css-6ey7w3"
                                                                                                    aria-hidden="true"
                                                                                                    height="1em"
                                                                                                    width="1em"
                                                                                                    xmlns="http://www.w3.org/2000/svg"
                                                                                                >
                                                                                                    <path
                                                                                                        d="M8 4a.5.5 0 0 1 .5.5v3h3a.5.5 0 0 1 0 1h-3v3a.5.5 0 0 1-1 0v-3h-3a.5.5 0 0 1 0-1h3v-3A.5.5 0 0 1 8 4"
                                                                                                    ></path>
                                                                                                </svg>
                                                                                            </button>
                                                                                        </div>
                                                                                    </div>
                                                                                </div>
                                                                                <div
                                                                                    class="relative h-full css-0"
                                                                                >
                                                                                    <img
                                                                                        alt="Cheese, Cream, Loaf, Philadelphia, (6) 3 Lb - 103663"
                                                                                        decoding="async"
                                                                                        data-nimg="fill"
                                                                                        class="object-contain object-top"
                                                                                        sizes="auto"
                                                                                        srcset="
                                                                                            /_next/image?url=https%3A%2F%2Fd3tlizm80tjdt4.cloudfront.net%2Fimage%2F1544%2Fimage%2Fsm-b2bb50a2b1ae90153c2401ff9f0214df.jpg&amp;w=16&amp;q=50     16w,
                                                                                            /_next/image?url=https%3A%2F%2Fd3tlizm80tjdt4.cloudfront.net%2Fimage%2F1544%2Fimage%2Fsm-b2bb50a2b1ae90153c2401ff9f0214df.jpg&amp;w=32&amp;q=50     32w,
                                                                                            /_next/image?url=https%3A%2F%2Fd3tlizm80tjdt4.cloudfront.net%2Fimage%2F1544%2Fimage%2Fsm-b2bb50a2b1ae90153c2401ff9f0214df.jpg&amp;w=48&amp;q=50     48w,
                                                                                            /_next/image?url=https%3A%2F%2Fd3tlizm80tjdt4.cloudfront.net%2Fimage%2F1544%2Fimage%2Fsm-b2bb50a2b1ae90153c2401ff9f0214df.jpg&amp;w=64&amp;q=50     64w,
                                                                                            /_next/image?url=https%3A%2F%2Fd3tlizm80tjdt4.cloudfront.net%2Fimage%2F1544%2Fimage%2Fsm-b2bb50a2b1ae90153c2401ff9f0214df.jpg&amp;w=96&amp;q=50     96w,
                                                                                            /_next/image?url=https%3A%2F%2Fd3tlizm80tjdt4.cloudfront.net%2Fimage%2F1544%2Fimage%2Fsm-b2bb50a2b1ae90153c2401ff9f0214df.jpg&amp;w=128&amp;q=50   128w,
                                                                                            /_next/image?url=https%3A%2F%2Fd3tlizm80tjdt4.cloudfront.net%2Fimage%2F1544%2Fimage%2Fsm-b2bb50a2b1ae90153c2401ff9f0214df.jpg&amp;w=256&amp;q=50   256w,
                                                                                            /_next/image?url=https%3A%2F%2Fd3tlizm80tjdt4.cloudfront.net%2Fimage%2F1544%2Fimage%2Fsm-b2bb50a2b1ae90153c2401ff9f0214df.jpg&amp;w=384&amp;q=50   384w,
                                                                                            /_next/image?url=https%3A%2F%2Fd3tlizm80tjdt4.cloudfront.net%2Fimage%2F1544%2Fimage%2Fsm-b2bb50a2b1ae90153c2401ff9f0214df.jpg&amp;w=640&amp;q=50   640w,
                                                                                            /_next/image?url=https%3A%2F%2Fd3tlizm80tjdt4.cloudfront.net%2Fimage%2F1544%2Fimage%2Fsm-b2bb50a2b1ae90153c2401ff9f0214df.jpg&amp;w=750&amp;q=50   750w,
                                                                                            /_next/image?url=https%3A%2F%2Fd3tlizm80tjdt4.cloudfront.net%2Fimage%2F1544%2Fimage%2Fsm-b2bb50a2b1ae90153c2401ff9f0214df.jpg&amp;w=828&amp;q=50   828w,
                                                                                            /_next/image?url=https%3A%2F%2Fd3tlizm80tjdt4.cloudfront.net%2Fimage%2F1544%2Fimage%2Fsm-b2bb50a2b1ae90153c2401ff9f0214df.jpg&amp;w=1080&amp;q=50 1080w,
                                                                                            /_next/image?url=https%3A%2F%2Fd3tlizm80tjdt4.cloudfront.net%2Fimage%2F1544%2Fimage%2Fsm-b2bb50a2b1ae90153c2401ff9f0214df.jpg&amp;w=1200&amp;q=50 1200w,
                                                                                            /_next/image?url=https%3A%2F%2Fd3tlizm80tjdt4.cloudfront.net%2Fimage%2F1544%2Fimage%2Fsm-b2bb50a2b1ae90153c2401ff9f0214df.jpg&amp;w=1920&amp;q=50 1920w,
                                                                                            /_next/image?url=https%3A%2F%2Fd3tlizm80tjdt4.cloudfront.net%2Fimage%2F1544%2Fimage%2Fsm-b2bb50a2b1ae90153c2401ff9f0214df.jpg&amp;w=2048&amp;q=50 2048w,
                                                                                            /_next/image?url=https%3A%2F%2Fd3tlizm80tjdt4.cloudfront.net%2Fimage%2F1544%2Fimage%2Fsm-b2bb50a2b1ae90153c2401ff9f0214df.jpg&amp;w=3840&amp;q=50 3840w
                                                                                        "
                                                                                        src="/_next/image?url=https%3A%2F%2Fd3tlizm80tjdt4.cloudfront.net%2Fimage%2F1544%2Fimage%2Fsm-b2bb50a2b1ae90153c2401ff9f0214df.jpg&amp;w=3840&amp;q=50"
                                                                                        style="
                                                                                            position: absolute;
                                                                                            height: 100%;
                                                                                            width: 100%;
                                                                                            inset: 0px;
                                                                                            color: transparent;
                                                                                        "
                                                                                    />
                                                                                </div>
                                                                                <div
                                                                                    class="css-o2ldmt"
                                                                                >
                                                                                    <p
                                                                                        class="chakra-text css-pbtft"
                                                                                    >
                                                                                        Cheese,
                                                                                        Cream,
                                                                                        Loaf,
                                                                                        Philadelphia,
                                                                                        (6)
                                                                                        3
                                                                                        Lb
                                                                                        -
                                                                                        103663
                                                                                    </p>
                                                                                    <p
                                                                                        class="chakra-text css-w6ttxb"
                                                                                    >
                                                                                        Philadelphia
                                                                                    </p>
                                                                                    <div
                                                                                        class="css-o2ldmt"
                                                                                    >
                                                                                        <div
                                                                                            class="css-zibc0q"
                                                                                        >
                                                                                            <div
                                                                                                class="css-j6qzfh"
                                                                                            >
                                                                                                <b
                                                                                                    class="chakra-text css-1vhzs63"
                                                                                                    >$16.13</b
                                                                                                ><span
                                                                                                    class="chakra-badge css-ff7g47"
                                                                                                    >$5.38/lb</span
                                                                                                >
                                                                                            </div>
                                                                                        </div>
                                                                                    </div>
                                                                                </div>
                                                                            </div>
                                                                        </div></a
                                                                    >
                                                                </div>
                                                            </div>
                                                        </div>
                                                    </div>
                                                    <div
                                                        data-index="9"
                                                        class="slick-slide"
                                                        tabindex="-1"
                                                        aria-hidden="true"
                                                        style="
                                                            outline: none;
                                                            width: 213px;
                                                        "
                                                    >
                                                        <div>
                                                            <div
                                                                tabindex="-1"
                                                                class="css-0"
                                                                style="
                                                                    width: 100%;
                                                                    display: inline-block;
                                                                "
                                                            >
                                                                <div
                                                                    class="p-2 css-0"
                                                                >
                                                                    <a
                                                                        class="chakra-card group css-5pmr4x"
                                                                        role="link"
                                                                        href="/sku/cheese-cheddar-medium-loaf-2-5lb-106815/106815"
                                                                        ><div
                                                                            class="chakra-card__body css-1idwstw"
                                                                        >
                                                                            <div
                                                                                class="relative css-1bpq4gx"
                                                                            >
                                                                                <div
                                                                                    class="absolute right-0 z-10 css-0"
                                                                                >
                                                                                    <div
                                                                                        class="css-ckyhk3"
                                                                                    >
                                                                                        <div
                                                                                            role="group"
                                                                                            class="chakra-button__group css-1ind3v2"
                                                                                            data-orientation="horizontal"
                                                                                        >
                                                                                            <button
                                                                                                type="button"
                                                                                                class="chakra-button shadow-elevation-1 css-1lbuwe"
                                                                                                aria-label="Add to cart"
                                                                                            >
                                                                                                <svg
                                                                                                    stroke="currentColor"
                                                                                                    fill="currentColor"
                                                                                                    stroke-width="0"
                                                                                                    viewBox="0 0 16 16"
                                                                                                    focusable="false"
                                                                                                    class="chakra-icon css-6ey7w3"
                                                                                                    aria-hidden="true"
                                                                                                    height="1em"
                                                                                                    width="1em"
                                                                                                    xmlns="http://www.w3.org/2000/svg"
                                                                                                >
                                                                                                    <path
                                                                                                        d="M8 4a.5.5 0 0 1 .5.5v3h3a.5.5 0 0 1 0 1h-3v3a.5.5 0 0 1-1 0v-3h-3a.5.5 0 0 1 0-1h3v-3A.5.5 0 0 1 8 4"
                                                                                                    ></path>
                                                                                                </svg>
                                                                                            </button>
                                                                                        </div>
                                                                                    </div>
                                                                                </div>
                                                                                <div
                                                                                    class="relative h-full css-0"
                                                                                >
                                                                                    <img
                                                                                        alt="Cheese, Cheddar, Medium, Loaf, (2) 5lb - 106815"
                                                                                        decoding="async"
                                                                                        data-nimg="fill"
                                                                                        class="object-contain object-top"
                                                                                        sizes="auto"
                                                                                        srcset="
                                                                                            /_next/image?url=https%3A%2F%2Fd3tlizm80tjdt4.cloudfront.net%2Fimage%2F2254%2Fimage%2Fsm-cd0c941b11ba4b342c17c421fe3e4d95.jpeg&amp;w=16&amp;q=50     16w,
                                                                                            /_next/image?url=https%3A%2F%2Fd3tlizm80tjdt4.cloudfront.net%2Fimage%2F2254%2Fimage%2Fsm-cd0c941b11ba4b342c17c421fe3e4d95.jpeg&amp;w=32&amp;q=50     32w,
                                                                                            /_next/image?url=https%3A%2F%2Fd3tlizm80tjdt4.cloudfront.net%2Fimage%2F2254%2Fimage%2Fsm-cd0c941b11ba4b342c17c421fe3e4d95.jpeg&amp;w=48&amp;q=50     48w,
                                                                                            /_next/image?url=https%3A%2F%2Fd3tlizm80tjdt4.cloudfront.net%2Fimage%2F2254%2Fimage%2Fsm-cd0c941b11ba4b342c17c421fe3e4d95.jpeg&amp;w=64&amp;q=50     64w,
                                                                                            /_next/image?url=https%3A%2F%2Fd3tlizm80tjdt4.cloudfront.net%2Fimage%2F2254%2Fimage%2Fsm-cd0c941b11ba4b342c17c421fe3e4d95.jpeg&amp;w=96&amp;q=50     96w,
                                                                                            /_next/image?url=https%3A%2F%2Fd3tlizm80tjdt4.cloudfront.net%2Fimage%2F2254%2Fimage%2Fsm-cd0c941b11ba4b342c17c421fe3e4d95.jpeg&amp;w=128&amp;q=50   128w,
                                                                                            /_next/image?url=https%3A%2F%2Fd3tlizm80tjdt4.cloudfront.net%2Fimage%2F2254%2Fimage%2Fsm-cd0c941b11ba4b342c17c421fe3e4d95.jpeg&amp;w=256&amp;q=50   256w,
                                                                                            /_next/image?url=https%3A%2F%2Fd3tlizm80tjdt4.cloudfront.net%2Fimage%2F2254%2Fimage%2Fsm-cd0c941b11ba4b342c17c421fe3e4d95.jpeg&amp;w=384&amp;q=50   384w,
                                                                                            /_next/image?url=https%3A%2F%2Fd3tlizm80tjdt4.cloudfront.net%2Fimage%2F2254%2Fimage%2Fsm-cd0c941b11ba4b342c17c421fe3e4d95.jpeg&amp;w=640&amp;q=50   640w,
                                                                                            /_next/image?url=https%3A%2F%2Fd3tlizm80tjdt4.cloudfront.net%2Fimage%2F2254%2Fimage%2Fsm-cd0c941b11ba4b342c17c421fe3e4d95.jpeg&amp;w=750&amp;q=50   750w,
                                                                                            /_next/image?url=https%3A%2F%2Fd3tlizm80tjdt4.cloudfront.net%2Fimage%2F2254%2Fimage%2Fsm-cd0c941b11ba4b342c17c421fe3e4d95.jpeg&amp;w=828&amp;q=50   828w,
                                                                                            /_next/image?url=https%3A%2F%2Fd3tlizm80tjdt4.cloudfront.net%2Fimage%2F2254%2Fimage%2Fsm-cd0c941b11ba4b342c17c421fe3e4d95.jpeg&amp;w=1080&amp;q=50 1080w,
                                                                                            /_next/image?url=https%3A%2F%2Fd3tlizm80tjdt4.cloudfront.net%2Fimage%2F2254%2Fimage%2Fsm-cd0c941b11ba4b342c17c421fe3e4d95.jpeg&amp;w=1200&amp;q=50 1200w,
                                                                                            /_next/image?url=https%3A%2F%2Fd3tlizm80tjdt4.cloudfront.net%2Fimage%2F2254%2Fimage%2Fsm-cd0c941b11ba4b342c17c421fe3e4d95.jpeg&amp;w=1920&amp;q=50 1920w,
                                                                                            /_next/image?url=https%3A%2F%2Fd3tlizm80tjdt4.cloudfront.net%2Fimage%2F2254%2Fimage%2Fsm-cd0c941b11ba4b342c17c421fe3e4d95.jpeg&amp;w=2048&amp;q=50 2048w,
                                                                                            /_next/image?url=https%3A%2F%2Fd3tlizm80tjdt4.cloudfront.net%2Fimage%2F2254%2Fimage%2Fsm-cd0c941b11ba4b342c17c421fe3e4d95.jpeg&amp;w=3840&amp;q=50 3840w
                                                                                        "
                                                                                        src="/_next/image?url=https%3A%2F%2Fd3tlizm80tjdt4.cloudfront.net%2Fimage%2F2254%2Fimage%2Fsm-cd0c941b11ba4b342c17c421fe3e4d95.jpeg&amp;w=3840&amp;q=50"
                                                                                        style="
                                                                                            position: absolute;
                                                                                            height: 100%;
                                                                                            width: 100%;
                                                                                            inset: 0px;
                                                                                            color: transparent;
                                                                                        "
                                                                                    />
                                                                                </div>
                                                                                <div
                                                                                    class="css-o2ldmt"
                                                                                >
                                                                                    <p
                                                                                        class="chakra-text css-pbtft"
                                                                                    >
                                                                                        Cheese,
                                                                                        Cheddar,
                                                                                        Medium,
                                                                                        Loaf,
                                                                                        (2)
                                                                                        5lb
                                                                                        -
                                                                                        106815
                                                                                    </p>
                                                                                    <p
                                                                                        class="chakra-text css-w6ttxb"
                                                                                    >
                                                                                        Tillamook
                                                                                    </p>
                                                                                    <div
                                                                                        class="css-o2ldmt"
                                                                                    >
                                                                                        <div
                                                                                            class="css-zibc0q"
                                                                                        >
                                                                                            <div
                                                                                                class="css-j6qzfh"
                                                                                            >
                                                                                                <b
                                                                                                    class="chakra-text css-1vhzs63"
                                                                                                    >$30.08</b
                                                                                                ><span
                                                                                                    class="chakra-badge css-ff7g47"
                                                                                                    >$6.02/lb</span
                                                                                                >
                                                                                            </div>
                                                                                        </div>
                                                                                    </div>
                                                                                </div>
                                                                            </div>
                                                                        </div></a
                                                                    >
                                                                </div>
                                                            </div>
                                                        </div>
                                                    </div>
                                                    <div
                                                        data-index="10"
                                                        class="slick-slide"
                                                        tabindex="-1"
                                                        aria-hidden="true"
                                                        style="
                                                            outline: none;
                                                            width: 213px;
                                                        "
                                                    >
                                                        <div>
                                                            <div
                                                                tabindex="-1"
                                                                class="css-0"
                                                                style="
                                                                    width: 100%;
                                                                    display: inline-block;
                                                                "
                                                            >
                                                                <div
                                                                    class="p-2 css-0"
                                                                >
                                                                    <a
                                                                        class="chakra-card group css-5pmr4x"
                                                                        role="link"
                                                                        href="/sku/cheese-monterey-jack-sliced-8-15-lb-103599/103599"
                                                                        ><div
                                                                            class="chakra-card__body css-1idwstw"
                                                                        >
                                                                            <div
                                                                                class="relative css-1bpq4gx"
                                                                            >
                                                                                <div
                                                                                    class="absolute right-0 z-10 css-0"
                                                                                >
                                                                                    <div
                                                                                        class="css-ckyhk3"
                                                                                    >
                                                                                        <div
                                                                                            role="group"
                                                                                            class="chakra-button__group css-1ind3v2"
                                                                                            data-orientation="horizontal"
                                                                                        >
                                                                                            <button
                                                                                                type="button"
                                                                                                class="chakra-button shadow-elevation-1 css-1lbuwe"
                                                                                                aria-label="Add to cart"
                                                                                            >
                                                                                                <svg
                                                                                                    stroke="currentColor"
                                                                                                    fill="currentColor"
                                                                                                    stroke-width="0"
                                                                                                    viewBox="0 0 16 16"
                                                                                                    focusable="false"
                                                                                                    class="chakra-icon css-6ey7w3"
                                                                                                    aria-hidden="true"
                                                                                                    height="1em"
                                                                                                    width="1em"
                                                                                                    xmlns="http://www.w3.org/2000/svg"
                                                                                                >
                                                                                                    <path
                                                                                                        d="M8 4a.5.5 0 0 1 .5.5v3h3a.5.5 0 0 1 0 1h-3v3a.5.5 0 0 1-1 0v-3h-3a.5.5 0 0 1 0-1h3v-3A.5.5 0 0 1 8 4"
                                                                                                    ></path>
                                                                                                </svg>
                                                                                            </button>
                                                                                        </div>
                                                                                    </div>
                                                                                </div>
                                                                                <div
                                                                                    class="relative h-full css-0"
                                                                                >
                                                                                    <img
                                                                                        alt="Cheese, Monterey Jack, Sliced, (8) 1.5 Lb - 103599"
                                                                                        decoding="async"
                                                                                        data-nimg="fill"
                                                                                        class="object-contain object-top"
                                                                                        sizes="auto"
                                                                                        srcset="
                                                                                            /_next/image?url=https%3A%2F%2Fd3tlizm80tjdt4.cloudfront.net%2Fimage%2F9201%2Fimage%2Fsm-4b09eacd768b0bf3bc71bca949fe2915.jpg&amp;w=16&amp;q=50     16w,
                                                                                            /_next/image?url=https%3A%2F%2Fd3tlizm80tjdt4.cloudfront.net%2Fimage%2F9201%2Fimage%2Fsm-4b09eacd768b0bf3bc71bca949fe2915.jpg&amp;w=32&amp;q=50     32w,
                                                                                            /_next/image?url=https%3A%2F%2Fd3tlizm80tjdt4.cloudfront.net%2Fimage%2F9201%2Fimage%2Fsm-4b09eacd768b0bf3bc71bca949fe2915.jpg&amp;w=48&amp;q=50     48w,
                                                                                            /_next/image?url=https%3A%2F%2Fd3tlizm80tjdt4.cloudfront.net%2Fimage%2F9201%2Fimage%2Fsm-4b09eacd768b0bf3bc71bca949fe2915.jpg&amp;w=64&amp;q=50     64w,
                                                                                            /_next/image?url=https%3A%2F%2Fd3tlizm80tjdt4.cloudfront.net%2Fimage%2F9201%2Fimage%2Fsm-4b09eacd768b0bf3bc71bca949fe2915.jpg&amp;w=96&amp;q=50     96w,
                                                                                            /_next/image?url=https%3A%2F%2Fd3tlizm80tjdt4.cloudfront.net%2Fimage%2F9201%2Fimage%2Fsm-4b09eacd768b0bf3bc71bca949fe2915.jpg&amp;w=128&amp;q=50   128w,
                                                                                            /_next/image?url=https%3A%2F%2Fd3tlizm80tjdt4.cloudfront.net%2Fimage%2F9201%2Fimage%2Fsm-4b09eacd768b0bf3bc71bca949fe2915.jpg&amp;w=256&amp;q=50   256w,
                                                                                            /_next/image?url=https%3A%2F%2Fd3tlizm80tjdt4.cloudfront.net%2Fimage%2F9201%2Fimage%2Fsm-4b09eacd768b0bf3bc71bca949fe2915.jpg&amp;w=384&amp;q=50   384w,
                                                                                            /_next/image?url=https%3A%2F%2Fd3tlizm80tjdt4.cloudfront.net%2Fimage%2F9201%2Fimage%2Fsm-4b09eacd768b0bf3bc71bca949fe2915.jpg&amp;w=640&amp;q=50   640w,
                                                                                            /_next/image?url=https%3A%2F%2Fd3tlizm80tjdt4.cloudfront.net%2Fimage%2F9201%2Fimage%2Fsm-4b09eacd768b0bf3bc71bca949fe2915.jpg&amp;w=750&amp;q=50   750w,
                                                                                            /_next/image?url=https%3A%2F%2Fd3tlizm80tjdt4.cloudfront.net%2Fimage%2F9201%2Fimage%2Fsm-4b09eacd768b0bf3bc71bca949fe2915.jpg&amp;w=828&amp;q=50   828w,
                                                                                            /_next/image?url=https%3A%2F%2Fd3tlizm80tjdt4.cloudfront.net%2Fimage%2F9201%2Fimage%2Fsm-4b09eacd768b0bf3bc71bca949fe2915.jpg&amp;w=1080&amp;q=50 1080w,
                                                                                            /_next/image?url=https%3A%2F%2Fd3tlizm80tjdt4.cloudfront.net%2Fimage%2F9201%2Fimage%2Fsm-4b09eacd768b0bf3bc71bca949fe2915.jpg&amp;w=1200&amp;q=50 1200w,
                                                                                            /_next/image?url=https%3A%2F%2Fd3tlizm80tjdt4.cloudfront.net%2Fimage%2F9201%2Fimage%2Fsm-4b09eacd768b0bf3bc71bca949fe2915.jpg&amp;w=1920&amp;q=50 1920w,
                                                                                            /_next/image?url=https%3A%2F%2Fd3tlizm80tjdt4.cloudfront.net%2Fimage%2F9201%2Fimage%2Fsm-4b09eacd768b0bf3bc71bca949fe2915.jpg&amp;w=2048&amp;q=50 2048w,
                                                                                            /_next/image?url=https%3A%2F%2Fd3tlizm80tjdt4.cloudfront.net%2Fimage%2F9201%2Fimage%2Fsm-4b09eacd768b0bf3bc71bca949fe2915.jpg&amp;w=3840&amp;q=50 3840w
                                                                                        "
                                                                                        src="/_next/image?url=https%3A%2F%2Fd3tlizm80tjdt4.cloudfront.net%2Fimage%2F9201%2Fimage%2Fsm-4b09eacd768b0bf3bc71bca949fe2915.jpg&amp;w=3840&amp;q=50"
                                                                                        style="
                                                                                            position: absolute;
                                                                                            height: 100%;
                                                                                            width: 100%;
                                                                                            inset: 0px;
                                                                                            color: transparent;
                                                                                        "
                                                                                    />
                                                                                </div>
                                                                                <div
                                                                                    class="css-o2ldmt"
                                                                                >
                                                                                    <p
                                                                                        class="chakra-text css-pbtft"
                                                                                    >
                                                                                        Cheese,
                                                                                        Monterey
                                                                                        Jack,
                                                                                        Sliced,
                                                                                        (8)
                                                                                        1.5
                                                                                        Lb
                                                                                        -
                                                                                        103599
                                                                                    </p>
                                                                                    <p
                                                                                        class="chakra-text css-w6ttxb"
                                                                                    >
                                                                                        Cheese
                                                                                        Crafters
                                                                                    </p>
                                                                                    <div
                                                                                        class="css-o2ldmt"
                                                                                    >
                                                                                        <div
                                                                                            class="css-zibc0q"
                                                                                        >
                                                                                            <div
                                                                                                class="css-j6qzfh"
                                                                                            >
                                                                                                <b
                                                                                                    class="chakra-text css-1vhzs63"
                                                                                                    >$5.97</b
                                                                                                ><span
                                                                                                    class="chakra-badge css-ff7g47"
                                                                                                    >$3.98/lb</span
                                                                                                >
                                                                                            </div>
                                                                                        </div>
                                                                                    </div>
                                                                                </div>
                                                                            </div>
                                                                        </div></a
                                                                    >
                                                                </div>
                                                            </div>
                                                        </div>
                                                    </div>
                                                    <div
                                                        data-index="11"
                                                        class="slick-slide"
                                                        tabindex="-1"
                                                        aria-hidden="true"
                                                        style="
                                                            outline: none;
                                                            width: 213px;
                                                        "
                                                    >
                                                        <div>
                                                            <div
                                                                tabindex="-1"
                                                                class="css-0"
                                                                style="
                                                                    width: 100%;
                                                                    display: inline-block;
                                                                "
                                                            >
                                                                <div
                                                                    class="p-2 css-0"
                                                                >
                                                                    <a
                                                                        class="chakra-card group css-5pmr4x"
                                                                        role="link"
                                                                        href="/sku/cheese-pepper-jack-loaf-8-103672/103672"
                                                                        ><div
                                                                            class="chakra-card__body css-1idwstw"
                                                                        >
                                                                            <div
                                                                                class="relative css-1bpq4gx"
                                                                            >
                                                                                <div
                                                                                    class="absolute right-0 z-10 css-0"
                                                                                >
                                                                                    <div
                                                                                        class="css-ckyhk3"
                                                                                    >
                                                                                        <div
                                                                                            role="group"
                                                                                            class="chakra-button__group css-1ind3v2"
                                                                                            data-orientation="horizontal"
                                                                                        >
                                                                                            <button
                                                                                                type="button"
                                                                                                class="chakra-button shadow-elevation-1 css-1lbuwe"
                                                                                                aria-label="Add to cart"
                                                                                            >
                                                                                                <svg
                                                                                                    stroke="currentColor"
                                                                                                    fill="currentColor"
                                                                                                    stroke-width="0"
                                                                                                    viewBox="0 0 16 16"
                                                                                                    focusable="false"
                                                                                                    class="chakra-icon css-6ey7w3"
                                                                                                    aria-hidden="true"
                                                                                                    height="1em"
                                                                                                    width="1em"
                                                                                                    xmlns="http://www.w3.org/2000/svg"
                                                                                                >
                                                                                                    <path
                                                                                                        d="M8 4a.5.5 0 0 1 .5.5v3h3a.5.5 0 0 1 0 1h-3v3a.5.5 0 0 1-1 0v-3h-3a.5.5 0 0 1 0-1h3v-3A.5.5 0 0 1 8 4"
                                                                                                    ></path>
                                                                                                </svg>
                                                                                            </button>
                                                                                        </div>
                                                                                    </div>
                                                                                </div>
                                                                                <div
                                                                                    class="relative h-full css-0"
                                                                                >
                                                                                    <img
                                                                                        alt="Cheese, Pepper Jack, Loaf (8) 103672"
                                                                                        decoding="async"
                                                                                        data-nimg="fill"
                                                                                        class="object-contain object-top"
                                                                                        sizes="auto"
                                                                                        srcset="
                                                                                            /_next/image?url=https%3A%2F%2Fd3tlizm80tjdt4.cloudfront.net%2Fimage%2F15256%2Fimage%2Fsm-6c299387672a8119d43997e98fcbcfc1.png&amp;w=16&amp;q=50     16w,
                                                                                            /_next/image?url=https%3A%2F%2Fd3tlizm80tjdt4.cloudfront.net%2Fimage%2F15256%2Fimage%2Fsm-6c299387672a8119d43997e98fcbcfc1.png&amp;w=32&amp;q=50     32w,
                                                                                            /_next/image?url=https%3A%2F%2Fd3tlizm80tjdt4.cloudfront.net%2Fimage%2F15256%2Fimage%2Fsm-6c299387672a8119d43997e98fcbcfc1.png&amp;w=48&amp;q=50     48w,
                                                                                            /_next/image?url=https%3A%2F%2Fd3tlizm80tjdt4.cloudfront.net%2Fimage%2F15256%2Fimage%2Fsm-6c299387672a8119d43997e98fcbcfc1.png&amp;w=64&amp;q=50     64w,
                                                                                            /_next/image?url=https%3A%2F%2Fd3tlizm80tjdt4.cloudfront.net%2Fimage%2F15256%2Fimage%2Fsm-6c299387672a8119d43997e98fcbcfc1.png&amp;w=96&amp;q=50     96w,
                                                                                            /_next/image?url=https%3A%2F%2Fd3tlizm80tjdt4.cloudfront.net%2Fimage%2F15256%2Fimage%2Fsm-6c299387672a8119d43997e98fcbcfc1.png&amp;w=128&amp;q=50   128w,
                                                                                            /_next/image?url=https%3A%2F%2Fd3tlizm80tjdt4.cloudfront.net%2Fimage%2F15256%2Fimage%2Fsm-6c299387672a8119d43997e98fcbcfc1.png&amp;w=256&amp;q=50   256w,
                                                                                            /_next/image?url=https%3A%2F%2Fd3tlizm80tjdt4.cloudfront.net%2Fimage%2F15256%2Fimage%2Fsm-6c299387672a8119d43997e98fcbcfc1.png&amp;w=384&amp;q=50   384w,
                                                                                            /_next/image?url=https%3A%2F%2Fd3tlizm80tjdt4.cloudfront.net%2Fimage%2F15256%2Fimage%2Fsm-6c299387672a8119d43997e98fcbcfc1.png&amp;w=640&amp;q=50   640w,
                                                                                            /_next/image?url=https%3A%2F%2Fd3tlizm80tjdt4.cloudfront.net%2Fimage%2F15256%2Fimage%2Fsm-6c299387672a8119d43997e98fcbcfc1.png&amp;w=750&amp;q=50   750w,
                                                                                            /_next/image?url=https%3A%2F%2Fd3tlizm80tjdt4.cloudfront.net%2Fimage%2F15256%2Fimage%2Fsm-6c299387672a8119d43997e98fcbcfc1.png&amp;w=828&amp;q=50   828w,
                                                                                            /_next/image?url=https%3A%2F%2Fd3tlizm80tjdt4.cloudfront.net%2Fimage%2F15256%2Fimage%2Fsm-6c299387672a8119d43997e98fcbcfc1.png&amp;w=1080&amp;q=50 1080w,
                                                                                            /_next/image?url=https%3A%2F%2Fd3tlizm80tjdt4.cloudfront.net%2Fimage%2F15256%2Fimage%2Fsm-6c299387672a8119d43997e98fcbcfc1.png&amp;w=1200&amp;q=50 1200w,
                                                                                            /_next/image?url=https%3A%2F%2Fd3tlizm80tjdt4.cloudfront.net%2Fimage%2F15256%2Fimage%2Fsm-6c299387672a8119d43997e98fcbcfc1.png&amp;w=1920&amp;q=50 1920w,
                                                                                            /_next/image?url=https%3A%2F%2Fd3tlizm80tjdt4.cloudfront.net%2Fimage%2F15256%2Fimage%2Fsm-6c299387672a8119d43997e98fcbcfc1.png&amp;w=2048&amp;q=50 2048w,
                                                                                            /_next/image?url=https%3A%2F%2Fd3tlizm80tjdt4.cloudfront.net%2Fimage%2F15256%2Fimage%2Fsm-6c299387672a8119d43997e98fcbcfc1.png&amp;w=3840&amp;q=50 3840w
                                                                                        "
                                                                                        src="/_next/image?url=https%3A%2F%2Fd3tlizm80tjdt4.cloudfront.net%2Fimage%2F15256%2Fimage%2Fsm-6c299387672a8119d43997e98fcbcfc1.png&amp;w=3840&amp;q=50"
                                                                                        style="
                                                                                            position: absolute;
                                                                                            height: 100%;
                                                                                            width: 100%;
                                                                                            inset: 0px;
                                                                                            color: transparent;
                                                                                        "
                                                                                    />
                                                                                </div>
                                                                                <div
                                                                                    class="css-o2ldmt"
                                                                                >
                                                                                    <p
                                                                                        class="chakra-text css-pbtft"
                                                                                    >
                                                                                        Cheese,
                                                                                        Pepper
                                                                                        Jack,
                                                                                        Loaf
                                                                                        (8)
                                                                                        103672
                                                                                    </p>
                                                                                    <p
                                                                                        class="chakra-text css-w6ttxb"
                                                                                    >
                                                                                        Cheswick
                                                                                    </p>
                                                                                    <div
                                                                                        class="css-o2ldmt"
                                                                                    >
                                                                                        <div
                                                                                            class="css-zibc0q"
                                                                                        >
                                                                                            <div
                                                                                                class="css-j6qzfh"
                                                                                            >
                                                                                                <b
                                                                                                    class="chakra-text css-1vhzs63"
                                                                                                    >$17.47</b
                                                                                                ><span
                                                                                                    class="chakra-badge css-ff7g47"
                                                                                                    >$3.49/lb</span
                                                                                                >
                                                                                            </div>
                                                                                        </div>
                                                                                    </div>
                                                                                </div>
                                                                            </div>
                                                                        </div></a
                                                                    >
                                                                </div>
                                                            </div>
                                                        </div>
                                                    </div>
                                                    <div
                                                        data-index="12"
                                                        class="slick-slide"
                                                        tabindex="-1"
                                                        aria-hidden="true"
                                                        style="
                                                            outline: none;
                                                            width: 213px;
                                                        "
                                                    >
                                                        <div>
                                                            <div
                                                                tabindex="-1"
                                                                class="css-0"
                                                                style="
                                                                    width: 100%;
                                                                    display: inline-block;
                                                                "
                                                            >
                                                                <div
                                                                    class="p-2 css-0"
                                                                >
                                                                    <a
                                                                        class="chakra-card group css-5pmr4x"
                                                                        role="link"
                                                                        href="/sku/cheese-shredded-jack-cheddar-blend-fancy-4-5-lb-103664/103664"
                                                                        ><div
                                                                            class="chakra-card__body css-1idwstw"
                                                                        >
                                                                            <div
                                                                                class="relative css-1bpq4gx"
                                                                            >
                                                                                <div
                                                                                    class="absolute right-0 z-10 css-0"
                                                                                >
                                                                                    <div
                                                                                        class="css-ckyhk3"
                                                                                    >
                                                                                        <div
                                                                                            role="group"
                                                                                            class="chakra-button__group css-1ind3v2"
                                                                                            data-orientation="horizontal"
                                                                                        >
                                                                                            <button
                                                                                                type="button"
                                                                                                class="chakra-button shadow-elevation-1 css-1lbuwe"
                                                                                                aria-label="Add to cart"
                                                                                            >
                                                                                                <svg
                                                                                                    stroke="currentColor"
                                                                                                    fill="currentColor"
                                                                                                    stroke-width="0"
                                                                                                    viewBox="0 0 16 16"
                                                                                                    focusable="false"
                                                                                                    class="chakra-icon css-6ey7w3"
                                                                                                    aria-hidden="true"
                                                                                                    height="1em"
                                                                                                    width="1em"
                                                                                                    xmlns="http://www.w3.org/2000/svg"
                                                                                                >
                                                                                                    <path
                                                                                                        d="M8 4a.5.5 0 0 1 .5.5v3h3a.5.5 0 0 1 0 1h-3v3a.5.5 0 0 1-1 0v-3h-3a.5.5 0 0 1 0-1h3v-3A.5.5 0 0 1 8 4"
                                                                                                    ></path>
                                                                                                </svg>
                                                                                            </button>
                                                                                        </div>
                                                                                    </div>
                                                                                </div>
                                                                                <div
                                                                                    class="relative h-full css-0"
                                                                                >
                                                                                    <img
                                                                                        alt="Cheese, Shredded, Jack &amp; Cheddar Blend, Fancy, (4) 5 Lb - 103664"
                                                                                        decoding="async"
                                                                                        data-nimg="fill"
                                                                                        class="object-contain object-top"
                                                                                        sizes="auto"
                                                                                        srcset="
                                                                                            /_next/image?url=https%3A%2F%2Fd3tlizm80tjdt4.cloudfront.net%2Fremote_images%2Fimage%2F7672%2Fsmall%2F63a1d4191c5e3258376922c1599c780ef012ec6bf3828fa409.jpg&amp;w=16&amp;q=50     16w,
                                                                                            /_next/image?url=https%3A%2F%2Fd3tlizm80tjdt4.cloudfront.net%2Fremote_images%2Fimage%2F7672%2Fsmall%2F63a1d4191c5e3258376922c1599c780ef012ec6bf3828fa409.jpg&amp;w=32&amp;q=50     32w,
                                                                                            /_next/image?url=https%3A%2F%2Fd3tlizm80tjdt4.cloudfront.net%2Fremote_images%2Fimage%2F7672%2Fsmall%2F63a1d4191c5e3258376922c1599c780ef012ec6bf3828fa409.jpg&amp;w=48&amp;q=50     48w,
                                                                                            /_next/image?url=https%3A%2F%2Fd3tlizm80tjdt4.cloudfront.net%2Fremote_images%2Fimage%2F7672%2Fsmall%2F63a1d4191c5e3258376922c1599c780ef012ec6bf3828fa409.jpg&amp;w=64&amp;q=50     64w,
                                                                                            /_next/image?url=https%3A%2F%2Fd3tlizm80tjdt4.cloudfront.net%2Fremote_images%2Fimage%2F7672%2Fsmall%2F63a1d4191c5e3258376922c1599c780ef012ec6bf3828fa409.jpg&amp;w=96&amp;q=50     96w,
                                                                                            /_next/image?url=https%3A%2F%2Fd3tlizm80tjdt4.cloudfront.net%2Fremote_images%2Fimage%2F7672%2Fsmall%2F63a1d4191c5e3258376922c1599c780ef012ec6bf3828fa409.jpg&amp;w=128&amp;q=50   128w,
                                                                                            /_next/image?url=https%3A%2F%2Fd3tlizm80tjdt4.cloudfront.net%2Fremote_images%2Fimage%2F7672%2Fsmall%2F63a1d4191c5e3258376922c1599c780ef012ec6bf3828fa409.jpg&amp;w=256&amp;q=50   256w,
                                                                                            /_next/image?url=https%3A%2F%2Fd3tlizm80tjdt4.cloudfront.net%2Fremote_images%2Fimage%2F7672%2Fsmall%2F63a1d4191c5e3258376922c1599c780ef012ec6bf3828fa409.jpg&amp;w=384&amp;q=50   384w,
                                                                                            /_next/image?url=https%3A%2F%2Fd3tlizm80tjdt4.cloudfront.net%2Fremote_images%2Fimage%2F7672%2Fsmall%2F63a1d4191c5e3258376922c1599c780ef012ec6bf3828fa409.jpg&amp;w=640&amp;q=50   640w,
                                                                                            /_next/image?url=https%3A%2F%2Fd3tlizm80tjdt4.cloudfront.net%2Fremote_images%2Fimage%2F7672%2Fsmall%2F63a1d4191c5e3258376922c1599c780ef012ec6bf3828fa409.jpg&amp;w=750&amp;q=50   750w,
                                                                                            /_next/image?url=https%3A%2F%2Fd3tlizm80tjdt4.cloudfront.net%2Fremote_images%2Fimage%2F7672%2Fsmall%2F63a1d4191c5e3258376922c1599c780ef012ec6bf3828fa409.jpg&amp;w=828&amp;q=50   828w,
                                                                                            /_next/image?url=https%3A%2F%2Fd3tlizm80tjdt4.cloudfront.net%2Fremote_images%2Fimage%2F7672%2Fsmall%2F63a1d4191c5e3258376922c1599c780ef012ec6bf3828fa409.jpg&amp;w=1080&amp;q=50 1080w,
                                                                                            /_next/image?url=https%3A%2F%2Fd3tlizm80tjdt4.cloudfront.net%2Fremote_images%2Fimage%2F7672%2Fsmall%2F63a1d4191c5e3258376922c1599c780ef012ec6bf3828fa409.jpg&amp;w=1200&amp;q=50 1200w,
                                                                                            /_next/image?url=https%3A%2F%2Fd3tlizm80tjdt4.cloudfront.net%2Fremote_images%2Fimage%2F7672%2Fsmall%2F63a1d4191c5e3258376922c1599c780ef012ec6bf3828fa409.jpg&amp;w=1920&amp;q=50 1920w,
                                                                                            /_next/image?url=https%3A%2F%2Fd3tlizm80tjdt4.cloudfront.net%2Fremote_images%2Fimage%2F7672%2Fsmall%2F63a1d4191c5e3258376922c1599c780ef012ec6bf3828fa409.jpg&amp;w=2048&amp;q=50 2048w,
                                                                                            /_next/image?url=https%3A%2F%2Fd3tlizm80tjdt4.cloudfront.net%2Fremote_images%2Fimage%2F7672%2Fsmall%2F63a1d4191c5e3258376922c1599c780ef012ec6bf3828fa409.jpg&amp;w=3840&amp;q=50 3840w
                                                                                        "
                                                                                        src="/_next/image?url=https%3A%2F%2Fd3tlizm80tjdt4.cloudfront.net%2Fremote_images%2Fimage%2F7672%2Fsmall%2F63a1d4191c5e3258376922c1599c780ef012ec6bf3828fa409.jpg&amp;w=3840&amp;q=50"
                                                                                        style="
                                                                                            position: absolute;
                                                                                            height: 100%;
                                                                                            width: 100%;
                                                                                            inset: 0px;
                                                                                            color: transparent;
                                                                                        "
                                                                                    />
                                                                                </div>
                                                                                <div
                                                                                    class="css-o2ldmt"
                                                                                >
                                                                                    <p
                                                                                        class="chakra-text css-pbtft"
                                                                                    >
                                                                                        Cheese,
                                                                                        Shredded,
                                                                                        Jack
                                                                                        &amp;
                                                                                        Cheddar
                                                                                        Blend,
                                                                                        Fancy,
                                                                                        (4)
                                                                                        5
                                                                                        Lb
                                                                                        -
                                                                                        103664
                                                                                    </p>
                                                                                    <p
                                                                                        class="chakra-text css-w6ttxb"
                                                                                    >
                                                                                        Packer
                                                                                    </p>
                                                                                    <div
                                                                                        class="css-o2ldmt"
                                                                                    >
                                                                                        <div
                                                                                            class="css-zibc0q"
                                                                                        >
                                                                                            <div
                                                                                                class="css-j6qzfh"
                                                                                            >
                                                                                                <b
                                                                                                    class="chakra-text css-1vhzs63"
                                                                                                    >$14.71</b
                                                                                                ><span
                                                                                                    class="chakra-badge css-ff7g47"
                                                                                                    >$2.94/lb</span
                                                                                                >
                                                                                            </div>
                                                                                        </div>
                                                                                    </div>
                                                                                </div>
                                                                            </div>
                                                                        </div></a
                                                                    >
                                                                </div>
                                                            </div>
                                                        </div>
                                                    </div>
                                                    <div
                                                        data-index="13"
                                                        class="slick-slide"
                                                        tabindex="-1"
                                                        aria-hidden="true"
                                                        style="
                                                            outline: none;
                                                            width: 213px;
                                                        "
                                                    >
                                                        <div>
                                                            <div
                                                                tabindex="-1"
                                                                class="css-0"
                                                                style="
                                                                    width: 100%;
                                                                    display: inline-block;
                                                                "
                                                            >
                                                                <div
                                                                    class="p-2 css-0"
                                                                >
                                                                    <a
                                                                        class="chakra-card group css-5pmr4x"
                                                                        role="link"
                                                                        href="/sku/cheese-cheddar-mild-loaf-8-5-lb-103670/103670"
                                                                        ><div
                                                                            class="chakra-card__body css-1idwstw"
                                                                        >
                                                                            <div
                                                                                class="relative css-1bpq4gx"
                                                                            >
                                                                                <div
                                                                                    class="absolute right-0 z-10 css-0"
                                                                                >
                                                                                    <div
                                                                                        class="css-ckyhk3"
                                                                                    >
                                                                                        <div
                                                                                            role="group"
                                                                                            class="chakra-button__group css-1ind3v2"
                                                                                            data-orientation="horizontal"
                                                                                        >
                                                                                            <button
                                                                                                type="button"
                                                                                                class="chakra-button shadow-elevation-1 css-1lbuwe"
                                                                                                aria-label="Add to cart"
                                                                                            >
                                                                                                <svg
                                                                                                    stroke="currentColor"
                                                                                                    fill="currentColor"
                                                                                                    stroke-width="0"
                                                                                                    viewBox="0 0 16 16"
                                                                                                    focusable="false"
                                                                                                    class="chakra-icon css-6ey7w3"
                                                                                                    aria-hidden="true"
                                                                                                    height="1em"
                                                                                                    width="1em"
                                                                                                    xmlns="http://www.w3.org/2000/svg"
                                                                                                >
                                                                                                    <path
                                                                                                        d="M8 4a.5.5 0 0 1 .5.5v3h3a.5.5 0 0 1 0 1h-3v3a.5.5 0 0 1-1 0v-3h-3a.5.5 0 0 1 0-1h3v-3A.5.5 0 0 1 8 4"
                                                                                                    ></path>
                                                                                                </svg>
                                                                                            </button>
                                                                                        </div>
                                                                                    </div>
                                                                                </div>
                                                                                <div
                                                                                    class="relative h-full css-0"
                                                                                >
                                                                                    <img
                                                                                        alt="Cheese, Cheddar, Mild, Loaf, (8) 5 Lb - 103670"
                                                                                        decoding="async"
                                                                                        data-nimg="fill"
                                                                                        class="object-contain object-top"
                                                                                        sizes="auto"
                                                                                        srcset="
                                                                                            /_next/image?url=https%3A%2F%2Fd3tlizm80tjdt4.cloudfront.net%2Fimage%2F11595%2Fimage%2Fsm-a149c106d663df481f081d8fa47bcf0f.jpeg&amp;w=16&amp;q=50     16w,
                                                                                            /_next/image?url=https%3A%2F%2Fd3tlizm80tjdt4.cloudfront.net%2Fimage%2F11595%2Fimage%2Fsm-a149c106d663df481f081d8fa47bcf0f.jpeg&amp;w=32&amp;q=50     32w,
                                                                                            /_next/image?url=https%3A%2F%2Fd3tlizm80tjdt4.cloudfront.net%2Fimage%2F11595%2Fimage%2Fsm-a149c106d663df481f081d8fa47bcf0f.jpeg&amp;w=48&amp;q=50     48w,
                                                                                            /_next/image?url=https%3A%2F%2Fd3tlizm80tjdt4.cloudfront.net%2Fimage%2F11595%2Fimage%2Fsm-a149c106d663df481f081d8fa47bcf0f.jpeg&amp;w=64&amp;q=50     64w,
                                                                                            /_next/image?url=https%3A%2F%2Fd3tlizm80tjdt4.cloudfront.net%2Fimage%2F11595%2Fimage%2Fsm-a149c106d663df481f081d8fa47bcf0f.jpeg&amp;w=96&amp;q=50     96w,
                                                                                            /_next/image?url=https%3A%2F%2Fd3tlizm80tjdt4.cloudfront.net%2Fimage%2F11595%2Fimage%2Fsm-a149c106d663df481f081d8fa47bcf0f.jpeg&amp;w=128&amp;q=50   128w,
                                                                                            /_next/image?url=https%3A%2F%2Fd3tlizm80tjdt4.cloudfront.net%2Fimage%2F11595%2Fimage%2Fsm-a149c106d663df481f081d8fa47bcf0f.jpeg&amp;w=256&amp;q=50   256w,
                                                                                            /_next/image?url=https%3A%2F%2Fd3tlizm80tjdt4.cloudfront.net%2Fimage%2F11595%2Fimage%2Fsm-a149c106d663df481f081d8fa47bcf0f.jpeg&amp;w=384&amp;q=50   384w,
                                                                                            /_next/image?url=https%3A%2F%2Fd3tlizm80tjdt4.cloudfront.net%2Fimage%2F11595%2Fimage%2Fsm-a149c106d663df481f081d8fa47bcf0f.jpeg&amp;w=640&amp;q=50   640w,
                                                                                            /_next/image?url=https%3A%2F%2Fd3tlizm80tjdt4.cloudfront.net%2Fimage%2F11595%2Fimage%2Fsm-a149c106d663df481f081d8fa47bcf0f.jpeg&amp;w=750&amp;q=50   750w,
                                                                                            /_next/image?url=https%3A%2F%2Fd3tlizm80tjdt4.cloudfront.net%2Fimage%2F11595%2Fimage%2Fsm-a149c106d663df481f081d8fa47bcf0f.jpeg&amp;w=828&amp;q=50   828w,
                                                                                            /_next/image?url=https%3A%2F%2Fd3tlizm80tjdt4.cloudfront.net%2Fimage%2F11595%2Fimage%2Fsm-a149c106d663df481f081d8fa47bcf0f.jpeg&amp;w=1080&amp;q=50 1080w,
                                                                                            /_next/image?url=https%3A%2F%2Fd3tlizm80tjdt4.cloudfront.net%2Fimage%2F11595%2Fimage%2Fsm-a149c106d663df481f081d8fa47bcf0f.jpeg&amp;w=1200&amp;q=50 1200w,
                                                                                            /_next/image?url=https%3A%2F%2Fd3tlizm80tjdt4.cloudfront.net%2Fimage%2F11595%2Fimage%2Fsm-a149c106d663df481f081d8fa47bcf0f.jpeg&amp;w=1920&amp;q=50 1920w,
                                                                                            /_next/image?url=https%3A%2F%2Fd3tlizm80tjdt4.cloudfront.net%2Fimage%2F11595%2Fimage%2Fsm-a149c106d663df481f081d8fa47bcf0f.jpeg&amp;w=2048&amp;q=50 2048w,
                                                                                            /_next/image?url=https%3A%2F%2Fd3tlizm80tjdt4.cloudfront.net%2Fimage%2F11595%2Fimage%2Fsm-a149c106d663df481f081d8fa47bcf0f.jpeg&amp;w=3840&amp;q=50 3840w
                                                                                        "
                                                                                        src="/_next/image?url=https%3A%2F%2Fd3tlizm80tjdt4.cloudfront.net%2Fimage%2F11595%2Fimage%2Fsm-a149c106d663df481f081d8fa47bcf0f.jpeg&amp;w=3840&amp;q=50"
                                                                                        style="
                                                                                            position: absolute;
                                                                                            height: 100%;
                                                                                            width: 100%;
                                                                                            inset: 0px;
                                                                                            color: transparent;
                                                                                        "
                                                                                    />
                                                                                </div>
                                                                                <div
                                                                                    class="css-o2ldmt"
                                                                                >
                                                                                    <p
                                                                                        class="chakra-text css-pbtft"
                                                                                    >
                                                                                        Cheese,
                                                                                        Cheddar,
                                                                                        Mild,
                                                                                        Loaf,
                                                                                        (8)
                                                                                        5
                                                                                        Lb
                                                                                        -
                                                                                        103670
                                                                                    </p>
                                                                                    <p
                                                                                        class="chakra-text css-w6ttxb"
                                                                                    >
                                                                                        Cheswick
                                                                                    </p>
                                                                                    <div
                                                                                        class="css-o2ldmt"
                                                                                    >
                                                                                        <div
                                                                                            class="css-zibc0q"
                                                                                        >
                                                                                            <div
                                                                                                class="css-j6qzfh"
                                                                                            >
                                                                                                <b
                                                                                                    class="chakra-text css-1vhzs63"
                                                                                                    >$16.99</b
                                                                                                ><span
                                                                                                    class="chakra-badge css-ff7g47"
                                                                                                    >$3.40/lb</span
                                                                                                >
                                                                                            </div>
                                                                                        </div>
                                                                                    </div>
                                                                                </div>
                                                                            </div>
                                                                        </div></a
                                                                    >
                                                                </div>
                                                            </div>
                                                        </div>
                                                    </div>
                                                    <div
                                                        data-index="14"
                                                        class="slick-slide"
                                                        tabindex="-1"
                                                        aria-hidden="true"
                                                        style="
                                                            outline: none;
                                                            width: 213px;
                                                        "
                                                    >
                                                        <div>
                                                            <div
                                                                tabindex="-1"
                                                                class="css-0"
                                                                style="
                                                                    width: 100%;
                                                                    display: inline-block;
                                                                "
                                                            >
                                                                <div
                                                                    class="p-2 css-0"
                                                                >
                                                                    <a
                                                                        class="chakra-card group css-5pmr4x"
                                                                        role="link"
                                                                        href="/sku/cheese-pepperjack-feather-shred-45-lb-123794/123794"
                                                                        ><div
                                                                            class="chakra-card__body css-1idwstw"
                                                                        >
                                                                            <div
                                                                                class="relative css-1bpq4gx"
                                                                            >
                                                                                <div
                                                                                    class="absolute right-0 z-10 css-0"
                                                                                >
                                                                                    <div
                                                                                        class="css-ckyhk3"
                                                                                    >
                                                                                        <div
                                                                                            role="group"
                                                                                            class="chakra-button__group css-1ind3v2"
                                                                                            data-orientation="horizontal"
                                                                                        >
                                                                                            <button
                                                                                                type="button"
                                                                                                class="chakra-button shadow-elevation-1 css-1lbuwe"
                                                                                                aria-label="Add to cart"
                                                                                            >
                                                                                                <svg
                                                                                                    stroke="currentColor"
                                                                                                    fill="currentColor"
                                                                                                    stroke-width="0"
                                                                                                    viewBox="0 0 16 16"
                                                                                                    focusable="false"
                                                                                                    class="chakra-icon css-6ey7w3"
                                                                                                    aria-hidden="true"
                                                                                                    height="1em"
                                                                                                    width="1em"
                                                                                                    xmlns="http://www.w3.org/2000/svg"
                                                                                                >
                                                                                                    <path
                                                                                                        d="M8 4a.5.5 0 0 1 .5.5v3h3a.5.5 0 0 1 0 1h-3v3a.5.5 0 0 1-1 0v-3h-3a.5.5 0 0 1 0-1h3v-3A.5.5 0 0 1 8 4"
                                                                                                    ></path>
                                                                                                </svg>
                                                                                            </button>
                                                                                        </div>
                                                                                    </div>
                                                                                </div>
                                                                                <div
                                                                                    class="relative h-full css-0"
                                                                                >
                                                                                    <img
                                                                                        alt="Cheese, Pepperjack, Feather Shred, 4/5 Lb - 123794"
                                                                                        decoding="async"
                                                                                        data-nimg="fill"
                                                                                        class="object-contain object-top"
                                                                                        sizes="auto"
                                                                                        srcset="
                                                                                            /_next/image?url=https%3A%2F%2Fd3tlizm80tjdt4.cloudfront.net%2Fimage%2F17990%2Fimage%2Fsm-83f15352ef57aee10ecf9f5eacd4c835.png&amp;w=16&amp;q=50     16w,
                                                                                            /_next/image?url=https%3A%2F%2Fd3tlizm80tjdt4.cloudfront.net%2Fimage%2F17990%2Fimage%2Fsm-83f15352ef57aee10ecf9f5eacd4c835.png&amp;w=32&amp;q=50     32w,
                                                                                            /_next/image?url=https%3A%2F%2Fd3tlizm80tjdt4.cloudfront.net%2Fimage%2F17990%2Fimage%2Fsm-83f15352ef57aee10ecf9f5eacd4c835.png&amp;w=48&amp;q=50     48w,
                                                                                            /_next/image?url=https%3A%2F%2Fd3tlizm80tjdt4.cloudfront.net%2Fimage%2F17990%2Fimage%2Fsm-83f15352ef57aee10ecf9f5eacd4c835.png&amp;w=64&amp;q=50     64w,
                                                                                            /_next/image?url=https%3A%2F%2Fd3tlizm80tjdt4.cloudfront.net%2Fimage%2F17990%2Fimage%2Fsm-83f15352ef57aee10ecf9f5eacd4c835.png&amp;w=96&amp;q=50     96w,
                                                                                            /_next/image?url=https%3A%2F%2Fd3tlizm80tjdt4.cloudfront.net%2Fimage%2F17990%2Fimage%2Fsm-83f15352ef57aee10ecf9f5eacd4c835.png&amp;w=128&amp;q=50   128w,
                                                                                            /_next/image?url=https%3A%2F%2Fd3tlizm80tjdt4.cloudfront.net%2Fimage%2F17990%2Fimage%2Fsm-83f15352ef57aee10ecf9f5eacd4c835.png&amp;w=256&amp;q=50   256w,
                                                                                            /_next/image?url=https%3A%2F%2Fd3tlizm80tjdt4.cloudfront.net%2Fimage%2F17990%2Fimage%2Fsm-83f15352ef57aee10ecf9f5eacd4c835.png&amp;w=384&amp;q=50   384w,
                                                                                            /_next/image?url=https%3A%2F%2Fd3tlizm80tjdt4.cloudfront.net%2Fimage%2F17990%2Fimage%2Fsm-83f15352ef57aee10ecf9f5eacd4c835.png&amp;w=640&amp;q=50   640w,
                                                                                            /_next/image?url=https%3A%2F%2Fd3tlizm80tjdt4.cloudfront.net%2Fimage%2F17990%2Fimage%2Fsm-83f15352ef57aee10ecf9f5eacd4c835.png&amp;w=750&amp;q=50   750w,
                                                                                            /_next/image?url=https%3A%2F%2Fd3tlizm80tjdt4.cloudfront.net%2Fimage%2F17990%2Fimage%2Fsm-83f15352ef57aee10ecf9f5eacd4c835.png&amp;w=828&amp;q=50   828w,
                                                                                            /_next/image?url=https%3A%2F%2Fd3tlizm80tjdt4.cloudfront.net%2Fimage%2F17990%2Fimage%2Fsm-83f15352ef57aee10ecf9f5eacd4c835.png&amp;w=1080&amp;q=50 1080w,
                                                                                            /_next/image?url=https%3A%2F%2Fd3tlizm80tjdt4.cloudfront.net%2Fimage%2F17990%2Fimage%2Fsm-83f15352ef57aee10ecf9f5eacd4c835.png&amp;w=1200&amp;q=50 1200w,
                                                                                            /_next/image?url=https%3A%2F%2Fd3tlizm80tjdt4.cloudfront.net%2Fimage%2F17990%2Fimage%2Fsm-83f15352ef57aee10ecf9f5eacd4c835.png&amp;w=1920&amp;q=50 1920w,
                                                                                            /_next/image?url=https%3A%2F%2Fd3tlizm80tjdt4.cloudfront.net%2Fimage%2F17990%2Fimage%2Fsm-83f15352ef57aee10ecf9f5eacd4c835.png&amp;w=2048&amp;q=50 2048w,
                                                                                            /_next/image?url=https%3A%2F%2Fd3tlizm80tjdt4.cloudfront.net%2Fimage%2F17990%2Fimage%2Fsm-83f15352ef57aee10ecf9f5eacd4c835.png&amp;w=3840&amp;q=50 3840w
                                                                                        "
                                                                                        src="/_next/image?url=https%3A%2F%2Fd3tlizm80tjdt4.cloudfront.net%2Fimage%2F17990%2Fimage%2Fsm-83f15352ef57aee10ecf9f5eacd4c835.png&amp;w=3840&amp;q=50"
                                                                                        style="
                                                                                            position: absolute;
                                                                                            height: 100%;
                                                                                            width: 100%;
                                                                                            inset: 0px;
                                                                                            color: transparent;
                                                                                        "
                                                                                    />
                                                                                </div>
                                                                                <div
                                                                                    class="css-o2ldmt"
                                                                                >
                                                                                    <p
                                                                                        class="chakra-text css-pbtft"
                                                                                    >
                                                                                        Cheese,
                                                                                        Pepperjack,
                                                                                        Feather
                                                                                        Shred,
                                                                                        4/5
                                                                                        Lb
                                                                                        -
                                                                                        123794
                                                                                    </p>
                                                                                    <p
                                                                                        class="chakra-text css-w6ttxb"
                                                                                    >
                                                                                        Cheswick
                                                                                    </p>
                                                                                    <div
                                                                                        class="css-o2ldmt"
                                                                                    >
                                                                                        <div
                                                                                            class="css-zibc0q"
                                                                                        >
                                                                                            <div
                                                                                                class="css-j6qzfh"
                                                                                            >
                                                                                                <b
                                                                                                    class="chakra-text css-1vhzs63"
                                                                                                    >$65.72</b
                                                                                                ><span
                                                                                                    class="chakra-badge css-ff7g47"
                                                                                                    >$3.29/lb</span
                                                                                                >
                                                                                            </div>
                                                                                        </div>
                                                                                    </div>
                                                                                </div>
                                                                            </div>
                                                                        </div></a
                                                                    >
                                                                </div>
                                                            </div>
                                                        </div>
                                                    </div>
                                                    <div
                                                        data-index="15"
                                                        class="slick-slide"
                                                        tabindex="-1"
                                                        aria-hidden="true"
                                                        style="
                                                            outline: none;
                                                            width: 213px;
                                                        "
                                                    >
                                                        <div>
                                                            <div
                                                                tabindex="-1"
                                                                class="css-0"
                                                                style="
                                                                    width: 100%;
                                                                    display: inline-block;
                                                                "
                                                            >
                                                                <div
                                                                    class="p-2 css-0"
                                                                >
                                                                    <a
                                                                        class="chakra-card group css-5pmr4x"
                                                                        role="link"
                                                                        href="/sku/cheese-parmesan-shaved-4-5-lb-106816/106816"
                                                                        ><div
                                                                            class="chakra-card__body css-1idwstw"
                                                                        >
                                                                            <div
                                                                                class="relative css-1bpq4gx"
                                                                            >
                                                                                <div
                                                                                    class="absolute right-0 z-10 css-0"
                                                                                >
                                                                                    <div
                                                                                        class="css-ckyhk3"
                                                                                    >
                                                                                        <div
                                                                                            role="group"
                                                                                            class="chakra-button__group css-1ind3v2"
                                                                                            data-orientation="horizontal"
                                                                                        >
                                                                                            <button
                                                                                                type="button"
                                                                                                class="chakra-button shadow-elevation-1 css-1lbuwe"
                                                                                                aria-label="Add to cart"
                                                                                            >
                                                                                                <svg
                                                                                                    stroke="currentColor"
                                                                                                    fill="currentColor"
                                                                                                    stroke-width="0"
                                                                                                    viewBox="0 0 16 16"
                                                                                                    focusable="false"
                                                                                                    class="chakra-icon css-6ey7w3"
                                                                                                    aria-hidden="true"
                                                                                                    height="1em"
                                                                                                    width="1em"
                                                                                                    xmlns="http://www.w3.org/2000/svg"
                                                                                                >
                                                                                                    <path
                                                                                                        d="M8 4a.5.5 0 0 1 .5.5v3h3a.5.5 0 0 1 0 1h-3v3a.5.5 0 0 1-1 0v-3h-3a.5.5 0 0 1 0-1h3v-3A.5.5 0 0 1 8 4"
                                                                                                    ></path>
                                                                                                </svg>
                                                                                            </button>
                                                                                        </div>
                                                                                    </div>
                                                                                </div>
                                                                                <div
                                                                                    class="relative h-full css-0"
                                                                                >
                                                                                    <img
                                                                                        alt="Cheese, Parmesan, Shaved, (4) 5 Lb - 106816"
                                                                                        decoding="async"
                                                                                        data-nimg="fill"
                                                                                        class="object-contain object-top"
                                                                                        sizes="auto"
                                                                                        srcset="
                                                                                            /_next/image?url=https%3A%2F%2Fd3tlizm80tjdt4.cloudfront.net%2Fimage%2F2865%2Fimage%2Fsm-7f83700059c075a212d5756e9c4e7073.jpg&amp;w=16&amp;q=50     16w,
                                                                                            /_next/image?url=https%3A%2F%2Fd3tlizm80tjdt4.cloudfront.net%2Fimage%2F2865%2Fimage%2Fsm-7f83700059c075a212d5756e9c4e7073.jpg&amp;w=32&amp;q=50     32w,
                                                                                            /_next/image?url=https%3A%2F%2Fd3tlizm80tjdt4.cloudfront.net%2Fimage%2F2865%2Fimage%2Fsm-7f83700059c075a212d5756e9c4e7073.jpg&amp;w=48&amp;q=50     48w,
                                                                                            /_next/image?url=https%3A%2F%2Fd3tlizm80tjdt4.cloudfront.net%2Fimage%2F2865%2Fimage%2Fsm-7f83700059c075a212d5756e9c4e7073.jpg&amp;w=64&amp;q=50     64w,
                                                                                            /_next/image?url=https%3A%2F%2Fd3tlizm80tjdt4.cloudfront.net%2Fimage%2F2865%2Fimage%2Fsm-7f83700059c075a212d5756e9c4e7073.jpg&amp;w=96&amp;q=50     96w,
                                                                                            /_next/image?url=https%3A%2F%2Fd3tlizm80tjdt4.cloudfront.net%2Fimage%2F2865%2Fimage%2Fsm-7f83700059c075a212d5756e9c4e7073.jpg&amp;w=128&amp;q=50   128w,
                                                                                            /_next/image?url=https%3A%2F%2Fd3tlizm80tjdt4.cloudfront.net%2Fimage%2F2865%2Fimage%2Fsm-7f83700059c075a212d5756e9c4e7073.jpg&amp;w=256&amp;q=50   256w,
                                                                                            /_next/image?url=https%3A%2F%2Fd3tlizm80tjdt4.cloudfront.net%2Fimage%2F2865%2Fimage%2Fsm-7f83700059c075a212d5756e9c4e7073.jpg&amp;w=384&amp;q=50   384w,
                                                                                            /_next/image?url=https%3A%2F%2Fd3tlizm80tjdt4.cloudfront.net%2Fimage%2F2865%2Fimage%2Fsm-7f83700059c075a212d5756e9c4e7073.jpg&amp;w=640&amp;q=50   640w,
                                                                                            /_next/image?url=https%3A%2F%2Fd3tlizm80tjdt4.cloudfront.net%2Fimage%2F2865%2Fimage%2Fsm-7f83700059c075a212d5756e9c4e7073.jpg&amp;w=750&amp;q=50   750w,
                                                                                            /_next/image?url=https%3A%2F%2Fd3tlizm80tjdt4.cloudfront.net%2Fimage%2F2865%2Fimage%2Fsm-7f83700059c075a212d5756e9c4e7073.jpg&amp;w=828&amp;q=50   828w,
                                                                                            /_next/image?url=https%3A%2F%2Fd3tlizm80tjdt4.cloudfront.net%2Fimage%2F2865%2Fimage%2Fsm-7f83700059c075a212d5756e9c4e7073.jpg&amp;w=1080&amp;q=50 1080w,
                                                                                            /_next/image?url=https%3A%2F%2Fd3tlizm80tjdt4.cloudfront.net%2Fimage%2F2865%2Fimage%2Fsm-7f83700059c075a212d5756e9c4e7073.jpg&amp;w=1200&amp;q=50 1200w,
                                                                                            /_next/image?url=https%3A%2F%2Fd3tlizm80tjdt4.cloudfront.net%2Fimage%2F2865%2Fimage%2Fsm-7f83700059c075a212d5756e9c4e7073.jpg&amp;w=1920&amp;q=50 1920w,
                                                                                            /_next/image?url=https%3A%2F%2Fd3tlizm80tjdt4.cloudfront.net%2Fimage%2F2865%2Fimage%2Fsm-7f83700059c075a212d5756e9c4e7073.jpg&amp;w=2048&amp;q=50 2048w,
                                                                                            /_next/image?url=https%3A%2F%2Fd3tlizm80tjdt4.cloudfront.net%2Fimage%2F2865%2Fimage%2Fsm-7f83700059c075a212d5756e9c4e7073.jpg&amp;w=3840&amp;q=50 3840w
                                                                                        "
                                                                                        src="/_next/image?url=https%3A%2F%2Fd3tlizm80tjdt4.cloudfront.net%2Fimage%2F2865%2Fimage%2Fsm-7f83700059c075a212d5756e9c4e7073.jpg&amp;w=3840&amp;q=50"
                                                                                        style="
                                                                                            position: absolute;
                                                                                            height: 100%;
                                                                                            width: 100%;
                                                                                            inset: 0px;
                                                                                            color: transparent;
                                                                                        "
                                                                                    />
                                                                                </div>
                                                                                <div
                                                                                    class="css-o2ldmt"
                                                                                >
                                                                                    <p
                                                                                        class="chakra-text css-pbtft"
                                                                                    >
                                                                                        Cheese,
                                                                                        Parmesan,
                                                                                        Shaved,
                                                                                        (4)
                                                                                        5
                                                                                        Lb
                                                                                        -
                                                                                        106816
                                                                                    </p>
                                                                                    <p
                                                                                        class="chakra-text css-w6ttxb"
                                                                                    >
                                                                                        Galbani
                                                                                    </p>
                                                                                    <div
                                                                                        class="css-o2ldmt"
                                                                                    >
                                                                                        <div
                                                                                            class="css-zibc0q"
                                                                                        >
                                                                                            <div
                                                                                                class="css-j6qzfh"
                                                                                            >
                                                                                                <b
                                                                                                    class="chakra-text css-1vhzs63"
                                                                                                    >$26.44</b
                                                                                                ><span
                                                                                                    class="chakra-badge css-ff7g47"
                                                                                                    >$5.29/lb</span
                                                                                                >
                                                                                            </div>
                                                                                        </div>
                                                                                    </div>
                                                                                </div>
                                                                            </div>
                                                                        </div></a
                                                                    >
                                                                </div>
                                                            </div>
                                                        </div>
                                                    </div>
                                                    <div
                                                        data-index="16"
                                                        class="slick-slide"
                                                        tabindex="-1"
                                                        aria-hidden="true"
                                                        style="
                                                            outline: none;
                                                            width: 213px;
                                                        "
                                                    >
                                                        <div>
                                                            <div
                                                                tabindex="-1"
                                                                class="css-0"
                                                                style="
                                                                    width: 100%;
                                                                    display: inline-block;
                                                                "
                                                            >
                                                                <div
                                                                    class="p-2 css-0"
                                                                >
                                                                    <a
                                                                        class="chakra-card group css-5pmr4x"
                                                                        role="link"
                                                                        href="/sku/cheese-monterey-jack-shredded-fancy-4-5-lb-108930/108930"
                                                                        ><div
                                                                            class="chakra-card__body css-1idwstw"
                                                                        >
                                                                            <div
                                                                                class="relative css-1bpq4gx"
                                                                            >
                                                                                <div
                                                                                    class="absolute right-0 z-10 css-0"
                                                                                >
                                                                                    <div
                                                                                        class="css-ckyhk3"
                                                                                    >
                                                                                        <div
                                                                                            role="group"
                                                                                            class="chakra-button__group css-1ind3v2"
                                                                                            data-orientation="horizontal"
                                                                                        >
                                                                                            <button
                                                                                                type="button"
                                                                                                class="chakra-button shadow-elevation-1 css-1lbuwe"
                                                                                                aria-label="Add to cart"
                                                                                            >
                                                                                                <svg
                                                                                                    stroke="currentColor"
                                                                                                    fill="currentColor"
                                                                                                    stroke-width="0"
                                                                                                    viewBox="0 0 16 16"
                                                                                                    focusable="false"
                                                                                                    class="chakra-icon css-6ey7w3"
                                                                                                    aria-hidden="true"
                                                                                                    height="1em"
                                                                                                    width="1em"
                                                                                                    xmlns="http://www.w3.org/2000/svg"
                                                                                                >
                                                                                                    <path
                                                                                                        d="M8 4a.5.5 0 0 1 .5.5v3h3a.5.5 0 0 1 0 1h-3v3a.5.5 0 0 1-1 0v-3h-3a.5.5 0 0 1 0-1h3v-3A.5.5 0 0 1 8 4"
                                                                                                    ></path>
                                                                                                </svg>
                                                                                            </button>
                                                                                        </div>
                                                                                    </div>
                                                                                </div>
                                                                                <div
                                                                                    class="relative h-full css-0"
                                                                                >
                                                                                    <img
                                                                                        alt="Cheese, Monterey Jack, Shredded, Fancy, (4) 5 Lb - 108930"
                                                                                        decoding="async"
                                                                                        data-nimg="fill"
                                                                                        class="object-contain object-top"
                                                                                        sizes="auto"
                                                                                        srcset="
                                                                                            /_next/image?url=https%3A%2F%2Fd3tlizm80tjdt4.cloudfront.net%2Fimage%2F7273%2Fimage%2Fsm-77f3fe57315491b5b760f3c783c2ce89.jpg&amp;w=16&amp;q=50     16w,
                                                                                            /_next/image?url=https%3A%2F%2Fd3tlizm80tjdt4.cloudfront.net%2Fimage%2F7273%2Fimage%2Fsm-77f3fe57315491b5b760f3c783c2ce89.jpg&amp;w=32&amp;q=50     32w,
                                                                                            /_next/image?url=https%3A%2F%2Fd3tlizm80tjdt4.cloudfront.net%2Fimage%2F7273%2Fimage%2Fsm-77f3fe57315491b5b760f3c783c2ce89.jpg&amp;w=48&amp;q=50     48w,
                                                                                            /_next/image?url=https%3A%2F%2Fd3tlizm80tjdt4.cloudfront.net%2Fimage%2F7273%2Fimage%2Fsm-77f3fe57315491b5b760f3c783c2ce89.jpg&amp;w=64&amp;q=50     64w,
                                                                                            /_next/image?url=https%3A%2F%2Fd3tlizm80tjdt4.cloudfront.net%2Fimage%2F7273%2Fimage%2Fsm-77f3fe57315491b5b760f3c783c2ce89.jpg&amp;w=96&amp;q=50     96w,
                                                                                            /_next/image?url=https%3A%2F%2Fd3tlizm80tjdt4.cloudfront.net%2Fimage%2F7273%2Fimage%2Fsm-77f3fe57315491b5b760f3c783c2ce89.jpg&amp;w=128&amp;q=50   128w,
                                                                                            /_next/image?url=https%3A%2F%2Fd3tlizm80tjdt4.cloudfront.net%2Fimage%2F7273%2Fimage%2Fsm-77f3fe57315491b5b760f3c783c2ce89.jpg&amp;w=256&amp;q=50   256w,
                                                                                            /_next/image?url=https%3A%2F%2Fd3tlizm80tjdt4.cloudfront.net%2Fimage%2F7273%2Fimage%2Fsm-77f3fe57315491b5b760f3c783c2ce89.jpg&amp;w=384&amp;q=50   384w,
                                                                                            /_next/image?url=https%3A%2F%2Fd3tlizm80tjdt4.cloudfront.net%2Fimage%2F7273%2Fimage%2Fsm-77f3fe57315491b5b760f3c783c2ce89.jpg&amp;w=640&amp;q=50   640w,
                                                                                            /_next/image?url=https%3A%2F%2Fd3tlizm80tjdt4.cloudfront.net%2Fimage%2F7273%2Fimage%2Fsm-77f3fe57315491b5b760f3c783c2ce89.jpg&amp;w=750&amp;q=50   750w,
                                                                                            /_next/image?url=https%3A%2F%2Fd3tlizm80tjdt4.cloudfront.net%2Fimage%2F7273%2Fimage%2Fsm-77f3fe57315491b5b760f3c783c2ce89.jpg&amp;w=828&amp;q=50   828w,
                                                                                            /_next/image?url=https%3A%2F%2Fd3tlizm80tjdt4.cloudfront.net%2Fimage%2F7273%2Fimage%2Fsm-77f3fe57315491b5b760f3c783c2ce89.jpg&amp;w=1080&amp;q=50 1080w,
                                                                                            /_next/image?url=https%3A%2F%2Fd3tlizm80tjdt4.cloudfront.net%2Fimage%2F7273%2Fimage%2Fsm-77f3fe57315491b5b760f3c783c2ce89.jpg&amp;w=1200&amp;q=50 1200w,
                                                                                            /_next/image?url=https%3A%2F%2Fd3tlizm80tjdt4.cloudfront.net%2Fimage%2F7273%2Fimage%2Fsm-77f3fe57315491b5b760f3c783c2ce89.jpg&amp;w=1920&amp;q=50 1920w,
                                                                                            /_next/image?url=https%3A%2F%2Fd3tlizm80tjdt4.cloudfront.net%2Fimage%2F7273%2Fimage%2Fsm-77f3fe57315491b5b760f3c783c2ce89.jpg&amp;w=2048&amp;q=50 2048w,
                                                                                            /_next/image?url=https%3A%2F%2Fd3tlizm80tjdt4.cloudfront.net%2Fimage%2F7273%2Fimage%2Fsm-77f3fe57315491b5b760f3c783c2ce89.jpg&amp;w=3840&amp;q=50 3840w
                                                                                        "
                                                                                        src="/_next/image?url=https%3A%2F%2Fd3tlizm80tjdt4.cloudfront.net%2Fimage%2F7273%2Fimage%2Fsm-77f3fe57315491b5b760f3c783c2ce89.jpg&amp;w=3840&amp;q=50"
                                                                                        style="
                                                                                            position: absolute;
                                                                                            height: 100%;
                                                                                            width: 100%;
                                                                                            inset: 0px;
                                                                                            color: transparent;
                                                                                        "
                                                                                    />
                                                                                </div>
                                                                                <div
                                                                                    class="css-o2ldmt"
                                                                                >
                                                                                    <p
                                                                                        class="chakra-text css-pbtft"
                                                                                    >
                                                                                        Cheese,
                                                                                        Monterey
                                                                                        Jack,
                                                                                        Shredded,
                                                                                        Fancy,
                                                                                        (4)
                                                                                        5
                                                                                        Lb
                                                                                        -
                                                                                        108930
                                                                                    </p>
                                                                                    <p
                                                                                        class="chakra-text css-w6ttxb"
                                                                                    >
                                                                                        Cheswick
                                                                                    </p>
                                                                                    <div
                                                                                        class="css-o2ldmt"
                                                                                    >
                                                                                        <div
                                                                                            class="css-zibc0q"
                                                                                        >
                                                                                            <div
                                                                                                class="css-j6qzfh"
                                                                                            >
                                                                                                <b
                                                                                                    class="chakra-text css-1vhzs63"
                                                                                                    >$16.26</b
                                                                                                ><span
                                                                                                    class="chakra-badge css-ff7g47"
                                                                                                    >$3.25/lb</span
                                                                                                >
                                                                                            </div>
                                                                                        </div>
                                                                                    </div>
                                                                                </div>
                                                                            </div>
                                                                        </div></a
                                                                    >
                                                                </div>
                                                            </div>
                                                        </div>
                                                    </div>
                                                    <div
                                                        data-index="17"
                                                        class="slick-slide"
                                                        tabindex="-1"
                                                        aria-hidden="true"
                                                        style="
                                                            outline: none;
                                                            width: 213px;
                                                        "
                                                    >
                                                        <div>
                                                            <div
                                                                tabindex="-1"
                                                                class="css-0"
                                                                style="
                                                                    width: 100%;
                                                                    display: inline-block;
                                                                "
                                                            >
                                                                <div
                                                                    class="p-2 css-0"
                                                                >
                                                                    <a
                                                                        class="chakra-card group css-5pmr4x"
                                                                        role="link"
                                                                        href="/sku/cheese-monterey-jack-loaf-2-5-lb-107600/107600"
                                                                        ><div
                                                                            class="chakra-card__body css-1idwstw"
                                                                        >
                                                                            <div
                                                                                class="relative css-1bpq4gx"
                                                                            >
                                                                                <div
                                                                                    class="absolute right-0 z-10 css-0"
                                                                                >
                                                                                    <div
                                                                                        class="css-ckyhk3"
                                                                                    >
                                                                                        <div
                                                                                            role="group"
                                                                                            class="chakra-button__group css-1ind3v2"
                                                                                            data-orientation="horizontal"
                                                                                        >
                                                                                            <button
                                                                                                type="button"
                                                                                                class="chakra-button shadow-elevation-1 css-1lbuwe"
                                                                                                aria-label="Add to cart"
                                                                                            >
                                                                                                <svg
                                                                                                    stroke="currentColor"
                                                                                                    fill="currentColor"
                                                                                                    stroke-width="0"
                                                                                                    viewBox="0 0 16 16"
                                                                                                    focusable="false"
                                                                                                    class="chakra-icon css-6ey7w3"
                                                                                                    aria-hidden="true"
                                                                                                    height="1em"
                                                                                                    width="1em"
                                                                                                    xmlns="http://www.w3.org/2000/svg"
                                                                                                >
                                                                                                    <path
                                                                                                        d="M8 4a.5.5 0 0 1 .5.5v3h3a.5.5 0 0 1 0 1h-3v3a.5.5 0 0 1-1 0v-3h-3a.5.5 0 0 1 0-1h3v-3A.5.5 0 0 1 8 4"
                                                                                                    ></path>
                                                                                                </svg>
                                                                                            </button>
                                                                                        </div>
                                                                                    </div>
                                                                                </div>
                                                                                <div
                                                                                    class="relative h-full css-0"
                                                                                >
                                                                                    <img
                                                                                        alt="Cheese, Monterey Jack, Loaf, (2) 5 Lb - 107600"
                                                                                        decoding="async"
                                                                                        data-nimg="fill"
                                                                                        class="object-contain object-top"
                                                                                        sizes="auto"
                                                                                        srcset="
                                                                                            /_next/image?url=https%3A%2F%2Fd3tlizm80tjdt4.cloudfront.net%2Fimage%2F5981%2Fimage%2Fsm-8006f8100c50aee751d5e74b228445bf.jpg&amp;w=16&amp;q=50     16w,
                                                                                            /_next/image?url=https%3A%2F%2Fd3tlizm80tjdt4.cloudfront.net%2Fimage%2F5981%2Fimage%2Fsm-8006f8100c50aee751d5e74b228445bf.jpg&amp;w=32&amp;q=50     32w,
                                                                                            /_next/image?url=https%3A%2F%2Fd3tlizm80tjdt4.cloudfront.net%2Fimage%2F5981%2Fimage%2Fsm-8006f8100c50aee751d5e74b228445bf.jpg&amp;w=48&amp;q=50     48w,
                                                                                            /_next/image?url=https%3A%2F%2Fd3tlizm80tjdt4.cloudfront.net%2Fimage%2F5981%2Fimage%2Fsm-8006f8100c50aee751d5e74b228445bf.jpg&amp;w=64&amp;q=50     64w,
                                                                                            /_next/image?url=https%3A%2F%2Fd3tlizm80tjdt4.cloudfront.net%2Fimage%2F5981%2Fimage%2Fsm-8006f8100c50aee751d5e74b228445bf.jpg&amp;w=96&amp;q=50     96w,
                                                                                            /_next/image?url=https%3A%2F%2Fd3tlizm80tjdt4.cloudfront.net%2Fimage%2F5981%2Fimage%2Fsm-8006f8100c50aee751d5e74b228445bf.jpg&amp;w=128&amp;q=50   128w,
                                                                                            /_next/image?url=https%3A%2F%2Fd3tlizm80tjdt4.cloudfront.net%2Fimage%2F5981%2Fimage%2Fsm-8006f8100c50aee751d5e74b228445bf.jpg&amp;w=256&amp;q=50   256w,
                                                                                            /_next/image?url=https%3A%2F%2Fd3tlizm80tjdt4.cloudfront.net%2Fimage%2F5981%2Fimage%2Fsm-8006f8100c50aee751d5e74b228445bf.jpg&amp;w=384&amp;q=50   384w,
                                                                                            /_next/image?url=https%3A%2F%2Fd3tlizm80tjdt4.cloudfront.net%2Fimage%2F5981%2Fimage%2Fsm-8006f8100c50aee751d5e74b228445bf.jpg&amp;w=640&amp;q=50   640w,
                                                                                            /_next/image?url=https%3A%2F%2Fd3tlizm80tjdt4.cloudfront.net%2Fimage%2F5981%2Fimage%2Fsm-8006f8100c50aee751d5e74b228445bf.jpg&amp;w=750&amp;q=50   750w,
                                                                                            /_next/image?url=https%3A%2F%2Fd3tlizm80tjdt4.cloudfront.net%2Fimage%2F5981%2Fimage%2Fsm-8006f8100c50aee751d5e74b228445bf.jpg&amp;w=828&amp;q=50   828w,
                                                                                            /_next/image?url=https%3A%2F%2Fd3tlizm80tjdt4.cloudfront.net%2Fimage%2F5981%2Fimage%2Fsm-8006f8100c50aee751d5e74b228445bf.jpg&amp;w=1080&amp;q=50 1080w,
                                                                                            /_next/image?url=https%3A%2F%2Fd3tlizm80tjdt4.cloudfront.net%2Fimage%2F5981%2Fimage%2Fsm-8006f8100c50aee751d5e74b228445bf.jpg&amp;w=1200&amp;q=50 1200w,
                                                                                            /_next/image?url=https%3A%2F%2Fd3tlizm80tjdt4.cloudfront.net%2Fimage%2F5981%2Fimage%2Fsm-8006f8100c50aee751d5e74b228445bf.jpg&amp;w=1920&amp;q=50 1920w,
                                                                                            /_next/image?url=https%3A%2F%2Fd3tlizm80tjdt4.cloudfront.net%2Fimage%2F5981%2Fimage%2Fsm-8006f8100c50aee751d5e74b228445bf.jpg&amp;w=2048&amp;q=50 2048w,
                                                                                            /_next/image?url=https%3A%2F%2Fd3tlizm80tjdt4.cloudfront.net%2Fimage%2F5981%2Fimage%2Fsm-8006f8100c50aee751d5e74b228445bf.jpg&amp;w=3840&amp;q=50 3840w
                                                                                        "
                                                                                        src="/_next/image?url=https%3A%2F%2Fd3tlizm80tjdt4.cloudfront.net%2Fimage%2F5981%2Fimage%2Fsm-8006f8100c50aee751d5e74b228445bf.jpg&amp;w=3840&amp;q=50"
                                                                                        style="
                                                                                            position: absolute;
                                                                                            height: 100%;
                                                                                            width: 100%;
                                                                                            inset: 0px;
                                                                                            color: transparent;
                                                                                        "
                                                                                    />
                                                                                </div>
                                                                                <div
                                                                                    class="css-o2ldmt"
                                                                                >
                                                                                    <p
                                                                                        class="chakra-text css-pbtft"
                                                                                    >
                                                                                        Cheese,
                                                                                        Monterey
                                                                                        Jack,
                                                                                        Loaf,
                                                                                        (2)
                                                                                        5
                                                                                        Lb
                                                                                        -
                                                                                        107600
                                                                                    </p>
                                                                                    <p
                                                                                        class="chakra-text css-w6ttxb"
                                                                                    >
                                                                                        Packer
                                                                                    </p>
                                                                                    <div
                                                                                        class="css-o2ldmt"
                                                                                    >
                                                                                        <div
                                                                                            class="css-zibc0q"
                                                                                        >
                                                                                            <div
                                                                                                class="css-j6qzfh"
                                                                                            >
                                                                                                <b
                                                                                                    class="chakra-text css-1vhzs63"
                                                                                                    >$18.45</b
                                                                                                ><span
                                                                                                    class="chakra-badge css-ff7g47"
                                                                                                    >$3.69/lb</span
                                                                                                >
                                                                                            </div>
                                                                                        </div>
                                                                                    </div>
                                                                                </div>
                                                                            </div>
                                                                        </div></a
                                                                    >
                                                                </div>
                                                            </div>
                                                        </div>
                                                    </div>
                                                    <div
                                                        data-index="18"
                                                        class="slick-slide"
                                                        tabindex="-1"
                                                        aria-hidden="true"
                                                        style="
                                                            outline: none;
                                                            width: 213px;
                                                        "
                                                    >
                                                        <div>
                                                            <div
                                                                tabindex="-1"
                                                                class="css-0"
                                                                style="
                                                                    width: 100%;
                                                                    display: inline-block;
                                                                "
                                                            >
                                                                <div
                                                                    class="p-2 css-0"
                                                                >
                                                                    <a
                                                                        class="chakra-card group css-5pmr4x"
                                                                        role="link"
                                                                        href="/sku/cheese-cheddar-sharp-slcd-interleaf-075-oz-8-103603/103603"
                                                                        ><div
                                                                            class="chakra-card__body css-1idwstw"
                                                                        >
                                                                            <div
                                                                                class="relative css-1bpq4gx"
                                                                            >
                                                                                <div
                                                                                    class="absolute right-0 z-10 css-0"
                                                                                >
                                                                                    <div
                                                                                        class="css-ckyhk3"
                                                                                    >
                                                                                        <div
                                                                                            role="group"
                                                                                            class="chakra-button__group css-1ind3v2"
                                                                                            data-orientation="horizontal"
                                                                                        >
                                                                                            <button
                                                                                                type="button"
                                                                                                class="chakra-button shadow-elevation-1 css-1lbuwe"
                                                                                                aria-label="Add to cart"
                                                                                            >
                                                                                                <svg
                                                                                                    stroke="currentColor"
                                                                                                    fill="currentColor"
                                                                                                    stroke-width="0"
                                                                                                    viewBox="0 0 16 16"
                                                                                                    focusable="false"
                                                                                                    class="chakra-icon css-6ey7w3"
                                                                                                    aria-hidden="true"
                                                                                                    height="1em"
                                                                                                    width="1em"
                                                                                                    xmlns="http://www.w3.org/2000/svg"
                                                                                                >
                                                                                                    <path
                                                                                                        d="M8 4a.5.5 0 0 1 .5.5v3h3a.5.5 0 0 1 0 1h-3v3a.5.5 0 0 1-1 0v-3h-3a.5.5 0 0 1 0-1h3v-3A.5.5 0 0 1 8 4"
                                                                                                    ></path>
                                                                                                </svg>
                                                                                            </button>
                                                                                        </div>
                                                                                    </div>
                                                                                </div>
                                                                                <div
                                                                                    class="relative h-full css-0"
                                                                                >
                                                                                    <img
                                                                                        alt="Cheese, Cheddar, Sharp, Slcd, Interleaf, 0.75 Oz, (8)  103603"
                                                                                        decoding="async"
                                                                                        data-nimg="fill"
                                                                                        class="object-contain object-top"
                                                                                        sizes="auto"
                                                                                        srcset="
                                                                                            /_next/image?url=https%3A%2F%2Fd3tlizm80tjdt4.cloudfront.net%2Fimage%2F10347%2Fimage%2Fsm-e678c1718263a65a402310e22e32ac8a.jpg&amp;w=16&amp;q=50     16w,
                                                                                            /_next/image?url=https%3A%2F%2Fd3tlizm80tjdt4.cloudfront.net%2Fimage%2F10347%2Fimage%2Fsm-e678c1718263a65a402310e22e32ac8a.jpg&amp;w=32&amp;q=50     32w,
                                                                                            /_next/image?url=https%3A%2F%2Fd3tlizm80tjdt4.cloudfront.net%2Fimage%2F10347%2Fimage%2Fsm-e678c1718263a65a402310e22e32ac8a.jpg&amp;w=48&amp;q=50     48w,
                                                                                            /_next/image?url=https%3A%2F%2Fd3tlizm80tjdt4.cloudfront.net%2Fimage%2F10347%2Fimage%2Fsm-e678c1718263a65a402310e22e32ac8a.jpg&amp;w=64&amp;q=50     64w,
                                                                                            /_next/image?url=https%3A%2F%2Fd3tlizm80tjdt4.cloudfront.net%2Fimage%2F10347%2Fimage%2Fsm-e678c1718263a65a402310e22e32ac8a.jpg&amp;w=96&amp;q=50     96w,
                                                                                            /_next/image?url=https%3A%2F%2Fd3tlizm80tjdt4.cloudfront.net%2Fimage%2F10347%2Fimage%2Fsm-e678c1718263a65a402310e22e32ac8a.jpg&amp;w=128&amp;q=50   128w,
                                                                                            /_next/image?url=https%3A%2F%2Fd3tlizm80tjdt4.cloudfront.net%2Fimage%2F10347%2Fimage%2Fsm-e678c1718263a65a402310e22e32ac8a.jpg&amp;w=256&amp;q=50   256w,
                                                                                            /_next/image?url=https%3A%2F%2Fd3tlizm80tjdt4.cloudfront.net%2Fimage%2F10347%2Fimage%2Fsm-e678c1718263a65a402310e22e32ac8a.jpg&amp;w=384&amp;q=50   384w,
                                                                                            /_next/image?url=https%3A%2F%2Fd3tlizm80tjdt4.cloudfront.net%2Fimage%2F10347%2Fimage%2Fsm-e678c1718263a65a402310e22e32ac8a.jpg&amp;w=640&amp;q=50   640w,
                                                                                            /_next/image?url=https%3A%2F%2Fd3tlizm80tjdt4.cloudfront.net%2Fimage%2F10347%2Fimage%2Fsm-e678c1718263a65a402310e22e32ac8a.jpg&amp;w=750&amp;q=50   750w,
                                                                                            /_next/image?url=https%3A%2F%2Fd3tlizm80tjdt4.cloudfront.net%2Fimage%2F10347%2Fimage%2Fsm-e678c1718263a65a402310e22e32ac8a.jpg&amp;w=828&amp;q=50   828w,
                                                                                            /_next/image?url=https%3A%2F%2Fd3tlizm80tjdt4.cloudfront.net%2Fimage%2F10347%2Fimage%2Fsm-e678c1718263a65a402310e22e32ac8a.jpg&amp;w=1080&amp;q=50 1080w,
                                                                                            /_next/image?url=https%3A%2F%2Fd3tlizm80tjdt4.cloudfront.net%2Fimage%2F10347%2Fimage%2Fsm-e678c1718263a65a402310e22e32ac8a.jpg&amp;w=1200&amp;q=50 1200w,
                                                                                            /_next/image?url=https%3A%2F%2Fd3tlizm80tjdt4.cloudfront.net%2Fimage%2F10347%2Fimage%2Fsm-e678c1718263a65a402310e22e32ac8a.jpg&amp;w=1920&amp;q=50 1920w,
                                                                                            /_next/image?url=https%3A%2F%2Fd3tlizm80tjdt4.cloudfront.net%2Fimage%2F10347%2Fimage%2Fsm-e678c1718263a65a402310e22e32ac8a.jpg&amp;w=2048&amp;q=50 2048w,
                                                                                            /_next/image?url=https%3A%2F%2Fd3tlizm80tjdt4.cloudfront.net%2Fimage%2F10347%2Fimage%2Fsm-e678c1718263a65a402310e22e32ac8a.jpg&amp;w=3840&amp;q=50 3840w
                                                                                        "
                                                                                        src="/_next/image?url=https%3A%2F%2Fd3tlizm80tjdt4.cloudfront.net%2Fimage%2F10347%2Fimage%2Fsm-e678c1718263a65a402310e22e32ac8a.jpg&amp;w=3840&amp;q=50"
                                                                                        style="
                                                                                            position: absolute;
                                                                                            height: 100%;
                                                                                            width: 100%;
                                                                                            inset: 0px;
                                                                                            color: transparent;
                                                                                        "
                                                                                    />
                                                                                </div>
                                                                                <div
                                                                                    class="css-o2ldmt"
                                                                                >
                                                                                    <p
                                                                                        class="chakra-text css-pbtft"
                                                                                    >
                                                                                        Cheese,
                                                                                        Cheddar,
                                                                                        Sharp,
                                                                                        Slcd,
                                                                                        Interleaf,
                                                                                        0.75
                                                                                        Oz,
                                                                                        (8)
                                                                                        103603
                                                                                    </p>
                                                                                    <p
                                                                                        class="chakra-text css-w6ttxb"
                                                                                    >
                                                                                        California
                                                                                        Select
                                                                                        Farms
                                                                                    </p>
                                                                                    <div
                                                                                        class="css-o2ldmt"
                                                                                    >
                                                                                        <div
                                                                                            class="css-zibc0q"
                                                                                        >
                                                                                            <div
                                                                                                class="css-j6qzfh"
                                                                                            >
                                                                                                <b
                                                                                                    class="chakra-text css-1vhzs63"
                                                                                                    >$9.56</b
                                                                                                ><span
                                                                                                    class="chakra-badge css-ff7g47"
                                                                                                    >$6.37/lb</span
                                                                                                >
                                                                                            </div>
                                                                                        </div>
                                                                                    </div>
                                                                                </div>
                                                                            </div>
                                                                        </div></a
                                                                    >
                                                                </div>
                                                            </div>
                                                        </div>
                                                    </div>
                                                    <div
                                                        data-index="19"
                                                        tabindex="-1"
                                                        class="slick-slide slick-cloned"
                                                        aria-hidden="true"
                                                        style="width: 213px"
                                                    >
                                                        <div>
                                                            <div
                                                                tabindex="-1"
                                                                class="css-0"
                                                                style="
                                                                    width: 100%;
                                                                    display: inline-block;
                                                                "
                                                            >
                                                                <div
                                                                    class="p-2 css-0"
                                                                >
                                                                    <a
                                                                        class="chakra-card group css-5pmr4x"
                                                                        role="link"
                                                                        href="/sku/cheese-gruyere-imported-loaf-2-5-lb-108978/108978"
                                                                        ><div
                                                                            class="chakra-card__body css-1idwstw"
                                                                        >
                                                                            <div
                                                                                class="relative css-1bpq4gx"
                                                                            >
                                                                                <div
                                                                                    class="absolute right-0 z-10 css-0"
                                                                                >
                                                                                    <div
                                                                                        class="css-ckyhk3"
                                                                                    >
                                                                                        <div
                                                                                            role="group"
                                                                                            class="chakra-button__group css-1ind3v2"
                                                                                            data-orientation="horizontal"
                                                                                        >
                                                                                            <button
                                                                                                type="button"
                                                                                                class="chakra-button shadow-elevation-1 css-1lbuwe"
                                                                                                aria-label="Add to cart"
                                                                                            >
                                                                                                <svg
                                                                                                    stroke="currentColor"
                                                                                                    fill="currentColor"
                                                                                                    stroke-width="0"
                                                                                                    viewBox="0 0 16 16"
                                                                                                    focusable="false"
                                                                                                    class="chakra-icon css-6ey7w3"
                                                                                                    aria-hidden="true"
                                                                                                    height="1em"
                                                                                                    width="1em"
                                                                                                    xmlns="http://www.w3.org/2000/svg"
                                                                                                >
                                                                                                    <path
                                                                                                        d="M8 4a.5.5 0 0 1 .5.5v3h3a.5.5 0 0 1 0 1h-3v3a.5.5 0 0 1-1 0v-3h-3a.5.5 0 0 1 0-1h3v-3A.5.5 0 0 1 8 4"
                                                                                                    ></path>
                                                                                                </svg>
                                                                                            </button>
                                                                                        </div>
                                                                                    </div>
                                                                                </div>
                                                                                <div
                                                                                    class="relative h-full css-0"
                                                                                >
                                                                                    <img
                                                                                        alt="Cheese, Gruyere, Imported, Loaf, (2) 5 Lb - 108978"
                                                                                        decoding="async"
                                                                                        data-nimg="fill"
                                                                                        class="object-contain object-top"
                                                                                        sizes="auto"
                                                                                        srcset="
                                                                                            /_next/image?url=https%3A%2F%2Fd3tlizm80tjdt4.cloudfront.net%2Fimage%2F7423%2Fimage%2Fsm-05cc51bafdb84958b8c527b8a3a8fecb.jpg&amp;w=16&amp;q=50     16w,
                                                                                            /_next/image?url=https%3A%2F%2Fd3tlizm80tjdt4.cloudfront.net%2Fimage%2F7423%2Fimage%2Fsm-05cc51bafdb84958b8c527b8a3a8fecb.jpg&amp;w=32&amp;q=50     32w,
                                                                                            /_next/image?url=https%3A%2F%2Fd3tlizm80tjdt4.cloudfront.net%2Fimage%2F7423%2Fimage%2Fsm-05cc51bafdb84958b8c527b8a3a8fecb.jpg&amp;w=48&amp;q=50     48w,
                                                                                            /_next/image?url=https%3A%2F%2Fd3tlizm80tjdt4.cloudfront.net%2Fimage%2F7423%2Fimage%2Fsm-05cc51bafdb84958b8c527b8a3a8fecb.jpg&amp;w=64&amp;q=50     64w,
                                                                                            /_next/image?url=https%3A%2F%2Fd3tlizm80tjdt4.cloudfront.net%2Fimage%2F7423%2Fimage%2Fsm-05cc51bafdb84958b8c527b8a3a8fecb.jpg&amp;w=96&amp;q=50     96w,
                                                                                            /_next/image?url=https%3A%2F%2Fd3tlizm80tjdt4.cloudfront.net%2Fimage%2F7423%2Fimage%2Fsm-05cc51bafdb84958b8c527b8a3a8fecb.jpg&amp;w=128&amp;q=50   128w,
                                                                                            /_next/image?url=https%3A%2F%2Fd3tlizm80tjdt4.cloudfront.net%2Fimage%2F7423%2Fimage%2Fsm-05cc51bafdb84958b8c527b8a3a8fecb.jpg&amp;w=256&amp;q=50   256w,
                                                                                            /_next/image?url=https%3A%2F%2Fd3tlizm80tjdt4.cloudfront.net%2Fimage%2F7423%2Fimage%2Fsm-05cc51bafdb84958b8c527b8a3a8fecb.jpg&amp;w=384&amp;q=50   384w,
                                                                                            /_next/image?url=https%3A%2F%2Fd3tlizm80tjdt4.cloudfront.net%2Fimage%2F7423%2Fimage%2Fsm-05cc51bafdb84958b8c527b8a3a8fecb.jpg&amp;w=640&amp;q=50   640w,
                                                                                            /_next/image?url=https%3A%2F%2Fd3tlizm80tjdt4.cloudfront.net%2Fimage%2F7423%2Fimage%2Fsm-05cc51bafdb84958b8c527b8a3a8fecb.jpg&amp;w=750&amp;q=50   750w,
                                                                                            /_next/image?url=https%3A%2F%2Fd3tlizm80tjdt4.cloudfront.net%2Fimage%2F7423%2Fimage%2Fsm-05cc51bafdb84958b8c527b8a3a8fecb.jpg&amp;w=828&amp;q=50   828w,
                                                                                            /_next/image?url=https%3A%2F%2Fd3tlizm80tjdt4.cloudfront.net%2Fimage%2F7423%2Fimage%2Fsm-05cc51bafdb84958b8c527b8a3a8fecb.jpg&amp;w=1080&amp;q=50 1080w,
                                                                                            /_next/image?url=https%3A%2F%2Fd3tlizm80tjdt4.cloudfront.net%2Fimage%2F7423%2Fimage%2Fsm-05cc51bafdb84958b8c527b8a3a8fecb.jpg&amp;w=1200&amp;q=50 1200w,
                                                                                            /_next/image?url=https%3A%2F%2Fd3tlizm80tjdt4.cloudfront.net%2Fimage%2F7423%2Fimage%2Fsm-05cc51bafdb84958b8c527b8a3a8fecb.jpg&amp;w=1920&amp;q=50 1920w,
                                                                                            /_next/image?url=https%3A%2F%2Fd3tlizm80tjdt4.cloudfront.net%2Fimage%2F7423%2Fimage%2Fsm-05cc51bafdb84958b8c527b8a3a8fecb.jpg&amp;w=2048&amp;q=50 2048w,
                                                                                            /_next/image?url=https%3A%2F%2Fd3tlizm80tjdt4.cloudfront.net%2Fimage%2F7423%2Fimage%2Fsm-05cc51bafdb84958b8c527b8a3a8fecb.jpg&amp;w=3840&amp;q=50 3840w
                                                                                        "
                                                                                        src="/_next/image?url=https%3A%2F%2Fd3tlizm80tjdt4.cloudfront.net%2Fimage%2F7423%2Fimage%2Fsm-05cc51bafdb84958b8c527b8a3a8fecb.jpg&amp;w=3840&amp;q=50"
                                                                                        style="
                                                                                            position: absolute;
                                                                                            height: 100%;
                                                                                            width: 100%;
                                                                                            inset: 0px;
                                                                                            color: transparent;
                                                                                        "
                                                                                    />
                                                                                </div>
                                                                                <div
                                                                                    class="css-o2ldmt"
                                                                                >
                                                                                    <p
                                                                                        class="chakra-text css-pbtft"
                                                                                    >
                                                                                        Cheese,
                                                                                        Gruyere,
                                                                                        Imported,
                                                                                        Loaf,
                                                                                        (2)
                                                                                        5
                                                                                        Lb
                                                                                        -
                                                                                        108978
                                                                                    </p>
                                                                                    <p
                                                                                        class="chakra-text css-w6ttxb"
                                                                                    >
                                                                                        Packer
                                                                                    </p>
                                                                                    <div
                                                                                        class="css-o2ldmt"
                                                                                    >
                                                                                        <div
                                                                                            class="css-zibc0q"
                                                                                        >
                                                                                            <div
                                                                                                class="css-j6qzfh"
                                                                                            >
                                                                                                <b
                                                                                                    class="chakra-text css-1vhzs63"
                                                                                                    >$67.30</b
                                                                                                ><span
                                                                                                    class="chakra-badge css-ff7g47"
                                                                                                    >$13.46/lb</span
                                                                                                >
                                                                                            </div>
                                                                                        </div>
                                                                                    </div>
                                                                                </div>
                                                                            </div>
                                                                        </div></a
                                                                    >
                                                                </div>
                                                            </div>
                                                        </div>
                                                    </div>
                                                    <div
                                                        data-index="20"
                                                        tabindex="-1"
                                                        class="slick-slide slick-cloned"
                                                        aria-hidden="true"
                                                        style="width: 213px"
                                                    >
                                                        <div>
                                                            <div
                                                                tabindex="-1"
                                                                class="css-0"
                                                                style="
                                                                    width: 100%;
                                                                    display: inline-block;
                                                                "
                                                            >
                                                                <div
                                                                    class="p-2 css-0"
                                                                >
                                                                    <a
                                                                        class="chakra-card group css-5pmr4x"
                                                                        role="link"
                                                                        href="/sku/cheese-swiss-sliced-8-15-lb-103602/103602"
                                                                        ><div
                                                                            class="chakra-card__body css-1idwstw"
                                                                        >
                                                                            <div
                                                                                class="relative css-1bpq4gx"
                                                                            >
                                                                                <div
                                                                                    class="absolute right-0 z-10 css-0"
                                                                                >
                                                                                    <div
                                                                                        class="css-ckyhk3"
                                                                                    >
                                                                                        <div
                                                                                            role="group"
                                                                                            class="chakra-button__group css-1ind3v2"
                                                                                            data-orientation="horizontal"
                                                                                        >
                                                                                            <button
                                                                                                type="button"
                                                                                                class="chakra-button shadow-elevation-1 css-1lbuwe"
                                                                                                aria-label="Add to cart"
                                                                                            >
                                                                                                <svg
                                                                                                    stroke="currentColor"
                                                                                                    fill="currentColor"
                                                                                                    stroke-width="0"
                                                                                                    viewBox="0 0 16 16"
                                                                                                    focusable="false"
                                                                                                    class="chakra-icon css-6ey7w3"
                                                                                                    aria-hidden="true"
                                                                                                    height="1em"
                                                                                                    width="1em"
                                                                                                    xmlns="http://www.w3.org/2000/svg"
                                                                                                >
                                                                                                    <path
                                                                                                        d="M8 4a.5.5 0 0 1 .5.5v3h3a.5.5 0 0 1 0 1h-3v3a.5.5 0 0 1-1 0v-3h-3a.5.5 0 0 1 0-1h3v-3A.5.5 0 0 1 8 4"
                                                                                                    ></path>
                                                                                                </svg>
                                                                                            </button>
                                                                                        </div>
                                                                                    </div>
                                                                                </div>
                                                                                <div
                                                                                    class="relative h-full css-0"
                                                                                >
                                                                                    <img
                                                                                        alt="Cheese, Swiss, Sliced, (8) 1.5 Lb - 103602"
                                                                                        decoding="async"
                                                                                        data-nimg="fill"
                                                                                        class="object-contain object-top"
                                                                                        sizes="auto"
                                                                                        srcset="
                                                                                            /_next/image?url=https%3A%2F%2Fd3tlizm80tjdt4.cloudfront.net%2Fimage%2F8967%2Fimage%2Fsm-e52f47ae6c00dd8381ee99b9ffda17dd.jpeg&amp;w=16&amp;q=50     16w,
                                                                                            /_next/image?url=https%3A%2F%2Fd3tlizm80tjdt4.cloudfront.net%2Fimage%2F8967%2Fimage%2Fsm-e52f47ae6c00dd8381ee99b9ffda17dd.jpeg&amp;w=32&amp;q=50     32w,
                                                                                            /_next/image?url=https%3A%2F%2Fd3tlizm80tjdt4.cloudfront.net%2Fimage%2F8967%2Fimage%2Fsm-e52f47ae6c00dd8381ee99b9ffda17dd.jpeg&amp;w=48&amp;q=50     48w,
                                                                                            /_next/image?url=https%3A%2F%2Fd3tlizm80tjdt4.cloudfront.net%2Fimage%2F8967%2Fimage%2Fsm-e52f47ae6c00dd8381ee99b9ffda17dd.jpeg&amp;w=64&amp;q=50     64w,
                                                                                            /_next/image?url=https%3A%2F%2Fd3tlizm80tjdt4.cloudfront.net%2Fimage%2F8967%2Fimage%2Fsm-e52f47ae6c00dd8381ee99b9ffda17dd.jpeg&amp;w=96&amp;q=50     96w,
                                                                                            /_next/image?url=https%3A%2F%2Fd3tlizm80tjdt4.cloudfront.net%2Fimage%2F8967%2Fimage%2Fsm-e52f47ae6c00dd8381ee99b9ffda17dd.jpeg&amp;w=128&amp;q=50   128w,
                                                                                            /_next/image?url=https%3A%2F%2Fd3tlizm80tjdt4.cloudfront.net%2Fimage%2F8967%2Fimage%2Fsm-e52f47ae6c00dd8381ee99b9ffda17dd.jpeg&amp;w=256&amp;q=50   256w,
                                                                                            /_next/image?url=https%3A%2F%2Fd3tlizm80tjdt4.cloudfront.net%2Fimage%2F8967%2Fimage%2Fsm-e52f47ae6c00dd8381ee99b9ffda17dd.jpeg&amp;w=384&amp;q=50   384w,
                                                                                            /_next/image?url=https%3A%2F%2Fd3tlizm80tjdt4.cloudfront.net%2Fimage%2F8967%2Fimage%2Fsm-e52f47ae6c00dd8381ee99b9ffda17dd.jpeg&amp;w=640&amp;q=50   640w,
                                                                                            /_next/image?url=https%3A%2F%2Fd3tlizm80tjdt4.cloudfront.net%2Fimage%2F8967%2Fimage%2Fsm-e52f47ae6c00dd8381ee99b9ffda17dd.jpeg&amp;w=750&amp;q=50   750w,
                                                                                            /_next/image?url=https%3A%2F%2Fd3tlizm80tjdt4.cloudfront.net%2Fimage%2F8967%2Fimage%2Fsm-e52f47ae6c00dd8381ee99b9ffda17dd.jpeg&amp;w=828&amp;q=50   828w,
                                                                                            /_next/image?url=https%3A%2F%2Fd3tlizm80tjdt4.cloudfront.net%2Fimage%2F8967%2Fimage%2Fsm-e52f47ae6c00dd8381ee99b9ffda17dd.jpeg&amp;w=1080&amp;q=50 1080w,
                                                                                            /_next/image?url=https%3A%2F%2Fd3tlizm80tjdt4.cloudfront.net%2Fimage%2F8967%2Fimage%2Fsm-e52f47ae6c00dd8381ee99b9ffda17dd.jpeg&amp;w=1200&amp;q=50 1200w,
                                                                                            /_next/image?url=https%3A%2F%2Fd3tlizm80tjdt4.cloudfront.net%2Fimage%2F8967%2Fimage%2Fsm-e52f47ae6c00dd8381ee99b9ffda17dd.jpeg&amp;w=1920&amp;q=50 1920w,
                                                                                            /_next/image?url=https%3A%2F%2Fd3tlizm80tjdt4.cloudfront.net%2Fimage%2F8967%2Fimage%2Fsm-e52f47ae6c00dd8381ee99b9ffda17dd.jpeg&amp;w=2048&amp;q=50 2048w,
                                                                                            /_next/image?url=https%3A%2F%2Fd3tlizm80tjdt4.cloudfront.net%2Fimage%2F8967%2Fimage%2Fsm-e52f47ae6c00dd8381ee99b9ffda17dd.jpeg&amp;w=3840&amp;q=50 3840w
                                                                                        "
                                                                                        src="/_next/image?url=https%3A%2F%2Fd3tlizm80tjdt4.cloudfront.net%2Fimage%2F8967%2Fimage%2Fsm-e52f47ae6c00dd8381ee99b9ffda17dd.jpeg&amp;w=3840&amp;q=50"
                                                                                        style="
                                                                                            position: absolute;
                                                                                            height: 100%;
                                                                                            width: 100%;
                                                                                            inset: 0px;
                                                                                            color: transparent;
                                                                                        "
                                                                                    />
                                                                                </div>
                                                                                <div
                                                                                    class="css-o2ldmt"
                                                                                >
                                                                                    <p
                                                                                        class="chakra-text css-pbtft"
                                                                                    >
                                                                                        Cheese,
                                                                                        Swiss,
                                                                                        Sliced,
                                                                                        (8)
                                                                                        1.5
                                                                                        Lb
                                                                                        -
                                                                                        103602
                                                                                    </p>
                                                                                    <p
                                                                                        class="chakra-text css-w6ttxb"
                                                                                    >
                                                                                        California
                                                                                        Select
                                                                                        Farms
                                                                                    </p>
                                                                                    <div
                                                                                        class="css-o2ldmt"
                                                                                    >
                                                                                        <div
                                                                                            class="css-zibc0q"
                                                                                        >
                                                                                            <div
                                                                                                class="css-j6qzfh"
                                                                                            >
                                                                                                <b
                                                                                                    class="chakra-text css-1vhzs63"
                                                                                                    >$8.12</b
                                                                                                ><span
                                                                                                    class="chakra-badge css-ff7g47"
                                                                                                    >$5.41/lb</span
                                                                                                >
                                                                                            </div>
                                                                                        </div>
                                                                                    </div>
                                                                                </div>
                                                                            </div>
                                                                        </div></a
                                                                    >
                                                                </div>
                                                            </div>
                                                        </div>
                                                    </div>
                                                    <div
                                                        data-index="21"
                                                        tabindex="-1"
                                                        class="slick-slide slick-cloned"
                                                        aria-hidden="true"
                                                        style="width: 213px"
                                                    >
                                                        <div>
                                                            <div
                                                                tabindex="-1"
                                                                class="css-0"
                                                                style="
                                                                    width: 100%;
                                                                    display: inline-block;
                                                                "
                                                            >
                                                                <div
                                                                    class="p-2 css-0"
                                                                >
                                                                    <a
                                                                        class="chakra-card group css-5pmr4x"
                                                                        role="link"
                                                                        href="/sku/cheese-cheddar-mild-sliced-8-103600/103600"
                                                                        ><div
                                                                            class="chakra-card__body css-1idwstw"
                                                                        >
                                                                            <div
                                                                                class="relative css-1bpq4gx"
                                                                            >
                                                                                <div
                                                                                    class="absolute right-0 z-10 css-0"
                                                                                >
                                                                                    <div
                                                                                        class="css-ckyhk3"
                                                                                    >
                                                                                        <div
                                                                                            role="group"
                                                                                            class="chakra-button__group css-1ind3v2"
                                                                                            data-orientation="horizontal"
                                                                                        >
                                                                                            <button
                                                                                                type="button"
                                                                                                class="chakra-button shadow-elevation-1 css-1lbuwe"
                                                                                                aria-label="Add to cart"
                                                                                            >
                                                                                                <svg
                                                                                                    stroke="currentColor"
                                                                                                    fill="currentColor"
                                                                                                    stroke-width="0"
                                                                                                    viewBox="0 0 16 16"
                                                                                                    focusable="false"
                                                                                                    class="chakra-icon css-6ey7w3"
                                                                                                    aria-hidden="true"
                                                                                                    height="1em"
                                                                                                    width="1em"
                                                                                                    xmlns="http://www.w3.org/2000/svg"
                                                                                                >
                                                                                                    <path
                                                                                                        d="M8 4a.5.5 0 0 1 .5.5v3h3a.5.5 0 0 1 0 1h-3v3a.5.5 0 0 1-1 0v-3h-3a.5.5 0 0 1 0-1h3v-3A.5.5 0 0 1 8 4"
                                                                                                    ></path>
                                                                                                </svg>
                                                                                            </button>
                                                                                        </div>
                                                                                    </div>
                                                                                </div>
                                                                                <div
                                                                                    class="relative h-full css-0"
                                                                                >
                                                                                    <img
                                                                                        alt="Cheese, Cheddar, Mild, Sliced, (8) - 103600"
                                                                                        decoding="async"
                                                                                        data-nimg="fill"
                                                                                        class="object-contain object-top"
                                                                                        sizes="auto"
                                                                                        srcset="
                                                                                            /_next/image?url=https%3A%2F%2Fd3tlizm80tjdt4.cloudfront.net%2Fimage%2F8965%2Fimage%2Fsm-137bd810e22f0b816f7a749f30bb60f4.jpeg&amp;w=16&amp;q=50     16w,
                                                                                            /_next/image?url=https%3A%2F%2Fd3tlizm80tjdt4.cloudfront.net%2Fimage%2F8965%2Fimage%2Fsm-137bd810e22f0b816f7a749f30bb60f4.jpeg&amp;w=32&amp;q=50     32w,
                                                                                            /_next/image?url=https%3A%2F%2Fd3tlizm80tjdt4.cloudfront.net%2Fimage%2F8965%2Fimage%2Fsm-137bd810e22f0b816f7a749f30bb60f4.jpeg&amp;w=48&amp;q=50     48w,
                                                                                            /_next/image?url=https%3A%2F%2Fd3tlizm80tjdt4.cloudfront.net%2Fimage%2F8965%2Fimage%2Fsm-137bd810e22f0b816f7a749f30bb60f4.jpeg&amp;w=64&amp;q=50     64w,
                                                                                            /_next/image?url=https%3A%2F%2Fd3tlizm80tjdt4.cloudfront.net%2Fimage%2F8965%2Fimage%2Fsm-137bd810e22f0b816f7a749f30bb60f4.jpeg&amp;w=96&amp;q=50     96w,
                                                                                            /_next/image?url=https%3A%2F%2Fd3tlizm80tjdt4.cloudfront.net%2Fimage%2F8965%2Fimage%2Fsm-137bd810e22f0b816f7a749f30bb60f4.jpeg&amp;w=128&amp;q=50   128w,
                                                                                            /_next/image?url=https%3A%2F%2Fd3tlizm80tjdt4.cloudfront.net%2Fimage%2F8965%2Fimage%2Fsm-137bd810e22f0b816f7a749f30bb60f4.jpeg&amp;w=256&amp;q=50   256w,
                                                                                            /_next/image?url=https%3A%2F%2Fd3tlizm80tjdt4.cloudfront.net%2Fimage%2F8965%2Fimage%2Fsm-137bd810e22f0b816f7a749f30bb60f4.jpeg&amp;w=384&amp;q=50   384w,
                                                                                            /_next/image?url=https%3A%2F%2Fd3tlizm80tjdt4.cloudfront.net%2Fimage%2F8965%2Fimage%2Fsm-137bd810e22f0b816f7a749f30bb60f4.jpeg&amp;w=640&amp;q=50   640w,
                                                                                            /_next/image?url=https%3A%2F%2Fd3tlizm80tjdt4.cloudfront.net%2Fimage%2F8965%2Fimage%2Fsm-137bd810e22f0b816f7a749f30bb60f4.jpeg&amp;w=750&amp;q=50   750w,
                                                                                            /_next/image?url=https%3A%2F%2Fd3tlizm80tjdt4.cloudfront.net%2Fimage%2F8965%2Fimage%2Fsm-137bd810e22f0b816f7a749f30bb60f4.jpeg&amp;w=828&amp;q=50   828w,
                                                                                            /_next/image?url=https%3A%2F%2Fd3tlizm80tjdt4.cloudfront.net%2Fimage%2F8965%2Fimage%2Fsm-137bd810e22f0b816f7a749f30bb60f4.jpeg&amp;w=1080&amp;q=50 1080w,
                                                                                            /_next/image?url=https%3A%2F%2Fd3tlizm80tjdt4.cloudfront.net%2Fimage%2F8965%2Fimage%2Fsm-137bd810e22f0b816f7a749f30bb60f4.jpeg&amp;w=1200&amp;q=50 1200w,
                                                                                            /_next/image?url=https%3A%2F%2Fd3tlizm80tjdt4.cloudfront.net%2Fimage%2F8965%2Fimage%2Fsm-137bd810e22f0b816f7a749f30bb60f4.jpeg&amp;w=1920&amp;q=50 1920w,
                                                                                            /_next/image?url=https%3A%2F%2Fd3tlizm80tjdt4.cloudfront.net%2Fimage%2F8965%2Fimage%2Fsm-137bd810e22f0b816f7a749f30bb60f4.jpeg&amp;w=2048&amp;q=50 2048w,
                                                                                            /_next/image?url=https%3A%2F%2Fd3tlizm80tjdt4.cloudfront.net%2Fimage%2F8965%2Fimage%2Fsm-137bd810e22f0b816f7a749f30bb60f4.jpeg&amp;w=3840&amp;q=50 3840w
                                                                                        "
                                                                                        src="/_next/image?url=https%3A%2F%2Fd3tlizm80tjdt4.cloudfront.net%2Fimage%2F8965%2Fimage%2Fsm-137bd810e22f0b816f7a749f30bb60f4.jpeg&amp;w=3840&amp;q=50"
                                                                                        style="
                                                                                            position: absolute;
                                                                                            height: 100%;
                                                                                            width: 100%;
                                                                                            inset: 0px;
                                                                                            color: transparent;
                                                                                        "
                                                                                    />
                                                                                </div>
                                                                                <div
                                                                                    class="css-o2ldmt"
                                                                                >
                                                                                    <p
                                                                                        class="chakra-text css-pbtft"
                                                                                    >
                                                                                        Cheese,
                                                                                        Cheddar,
                                                                                        Mild,
                                                                                        Sliced,
                                                                                        (8)
                                                                                        -
                                                                                        103600
                                                                                    </p>
                                                                                    <p
                                                                                        class="chakra-text css-w6ttxb"
                                                                                    >
                                                                                        California
                                                                                        Select
                                                                                        Farms
                                                                                    </p>
                                                                                    <div
                                                                                        class="css-o2ldmt"
                                                                                    >
                                                                                        <div
                                                                                            class="css-zibc0q"
                                                                                        >
                                                                                            <div
                                                                                                class="css-j6qzfh"
                                                                                            >
                                                                                                <b
                                                                                                    class="chakra-text css-1vhzs63"
                                                                                                    >$6.89</b
                                                                                                ><span
                                                                                                    class="chakra-badge css-ff7g47"
                                                                                                    >$4.59/lb</span
                                                                                                >
                                                                                            </div>
                                                                                        </div>
                                                                                    </div>
                                                                                </div>
                                                                            </div>
                                                                        </div></a
                                                                    >
                                                                </div>
                                                            </div>
                                                        </div>
                                                    </div>
                                                    <div
                                                        data-index="22"
                                                        tabindex="-1"
                                                        class="slick-slide slick-cloned"
                                                        aria-hidden="true"
                                                        style="width: 213px"
                                                    >
                                                        <div>
                                                            <div
                                                                tabindex="-1"
                                                                class="css-0"
                                                                style="
                                                                    width: 100%;
                                                                    display: inline-block;
                                                                "
                                                            >
                                                                <div
                                                                    class="p-2 css-0"
                                                                >
                                                                    <a
                                                                        class="chakra-card group css-5pmr4x"
                                                                        role="link"
                                                                        href="/sku/cheese-blend-mozz-wm-ps-premio-shred-65-lb-112492/112492"
                                                                        ><div
                                                                            class="chakra-card__body css-1idwstw"
                                                                        >
                                                                            <div
                                                                                class="relative css-1bpq4gx"
                                                                            >
                                                                                <div
                                                                                    class="absolute right-0 z-10 css-0"
                                                                                >
                                                                                    <div
                                                                                        class="css-ckyhk3"
                                                                                    >
                                                                                        <div
                                                                                            role="group"
                                                                                            class="chakra-button__group css-1ind3v2"
                                                                                            data-orientation="horizontal"
                                                                                        >
                                                                                            <button
                                                                                                type="button"
                                                                                                class="chakra-button shadow-elevation-1 css-1lbuwe"
                                                                                                aria-label="Add to cart"
                                                                                            >
                                                                                                <svg
                                                                                                    stroke="currentColor"
                                                                                                    fill="currentColor"
                                                                                                    stroke-width="0"
                                                                                                    viewBox="0 0 16 16"
                                                                                                    focusable="false"
                                                                                                    class="chakra-icon css-6ey7w3"
                                                                                                    aria-hidden="true"
                                                                                                    height="1em"
                                                                                                    width="1em"
                                                                                                    xmlns="http://www.w3.org/2000/svg"
                                                                                                >
                                                                                                    <path
                                                                                                        d="M8 4a.5.5 0 0 1 .5.5v3h3a.5.5 0 0 1 0 1h-3v3a.5.5 0 0 1-1 0v-3h-3a.5.5 0 0 1 0-1h3v-3A.5.5 0 0 1 8 4"
                                                                                                    ></path>
                                                                                                </svg>
                                                                                            </button>
                                                                                        </div>
                                                                                    </div>
                                                                                </div>
                                                                                <div
                                                                                    class="relative h-full css-0"
                                                                                >
                                                                                    <img
                                                                                        alt="Cheese, Blend, Mozz, Wm &amp; Ps, Premio Shred, 6/5 Lb - 112492"
                                                                                        decoding="async"
                                                                                        data-nimg="fill"
                                                                                        class="object-contain object-top"
                                                                                        sizes="auto"
                                                                                        srcset="
                                                                                            /_next/image?url=https%3A%2F%2Fd3tlizm80tjdt4.cloudfront.net%2Fimage%2F13860%2Fimage%2Fsm-1505a5e7aa7570e69e7ca77cf4c49a97.png&amp;w=16&amp;q=50     16w,
                                                                                            /_next/image?url=https%3A%2F%2Fd3tlizm80tjdt4.cloudfront.net%2Fimage%2F13860%2Fimage%2Fsm-1505a5e7aa7570e69e7ca77cf4c49a97.png&amp;w=32&amp;q=50     32w,
                                                                                            /_next/image?url=https%3A%2F%2Fd3tlizm80tjdt4.cloudfront.net%2Fimage%2F13860%2Fimage%2Fsm-1505a5e7aa7570e69e7ca77cf4c49a97.png&amp;w=48&amp;q=50     48w,
                                                                                            /_next/image?url=https%3A%2F%2Fd3tlizm80tjdt4.cloudfront.net%2Fimage%2F13860%2Fimage%2Fsm-1505a5e7aa7570e69e7ca77cf4c49a97.png&amp;w=64&amp;q=50     64w,
                                                                                            /_next/image?url=https%3A%2F%2Fd3tlizm80tjdt4.cloudfront.net%2Fimage%2F13860%2Fimage%2Fsm-1505a5e7aa7570e69e7ca77cf4c49a97.png&amp;w=96&amp;q=50     96w,
                                                                                            /_next/image?url=https%3A%2F%2Fd3tlizm80tjdt4.cloudfront.net%2Fimage%2F13860%2Fimage%2Fsm-1505a5e7aa7570e69e7ca77cf4c49a97.png&amp;w=128&amp;q=50   128w,
                                                                                            /_next/image?url=https%3A%2F%2Fd3tlizm80tjdt4.cloudfront.net%2Fimage%2F13860%2Fimage%2Fsm-1505a5e7aa7570e69e7ca77cf4c49a97.png&amp;w=256&amp;q=50   256w,
                                                                                            /_next/image?url=https%3A%2F%2Fd3tlizm80tjdt4.cloudfront.net%2Fimage%2F13860%2Fimage%2Fsm-1505a5e7aa7570e69e7ca77cf4c49a97.png&amp;w=384&amp;q=50   384w,
                                                                                            /_next/image?url=https%3A%2F%2Fd3tlizm80tjdt4.cloudfront.net%2Fimage%2F13860%2Fimage%2Fsm-1505a5e7aa7570e69e7ca77cf4c49a97.png&amp;w=640&amp;q=50   640w,
                                                                                            /_next/image?url=https%3A%2F%2Fd3tlizm80tjdt4.cloudfront.net%2Fimage%2F13860%2Fimage%2Fsm-1505a5e7aa7570e69e7ca77cf4c49a97.png&amp;w=750&amp;q=50   750w,
                                                                                            /_next/image?url=https%3A%2F%2Fd3tlizm80tjdt4.cloudfront.net%2Fimage%2F13860%2Fimage%2Fsm-1505a5e7aa7570e69e7ca77cf4c49a97.png&amp;w=828&amp;q=50   828w,
                                                                                            /_next/image?url=https%3A%2F%2Fd3tlizm80tjdt4.cloudfront.net%2Fimage%2F13860%2Fimage%2Fsm-1505a5e7aa7570e69e7ca77cf4c49a97.png&amp;w=1080&amp;q=50 1080w,
                                                                                            /_next/image?url=https%3A%2F%2Fd3tlizm80tjdt4.cloudfront.net%2Fimage%2F13860%2Fimage%2Fsm-1505a5e7aa7570e69e7ca77cf4c49a97.png&amp;w=1200&amp;q=50 1200w,
                                                                                            /_next/image?url=https%3A%2F%2Fd3tlizm80tjdt4.cloudfront.net%2Fimage%2F13860%2Fimage%2Fsm-1505a5e7aa7570e69e7ca77cf4c49a97.png&amp;w=1920&amp;q=50 1920w,
                                                                                            /_next/image?url=https%3A%2F%2Fd3tlizm80tjdt4.cloudfront.net%2Fimage%2F13860%2Fimage%2Fsm-1505a5e7aa7570e69e7ca77cf4c49a97.png&amp;w=2048&amp;q=50 2048w,
                                                                                            /_next/image?url=https%3A%2F%2Fd3tlizm80tjdt4.cloudfront.net%2Fimage%2F13860%2Fimage%2Fsm-1505a5e7aa7570e69e7ca77cf4c49a97.png&amp;w=3840&amp;q=50 3840w
                                                                                        "
                                                                                        src="/_next/image?url=https%3A%2F%2Fd3tlizm80tjdt4.cloudfront.net%2Fimage%2F13860%2Fimage%2Fsm-1505a5e7aa7570e69e7ca77cf4c49a97.png&amp;w=3840&amp;q=50"
                                                                                        style="
                                                                                            position: absolute;
                                                                                            height: 100%;
                                                                                            width: 100%;
                                                                                            inset: 0px;
                                                                                            color: transparent;
                                                                                        "
                                                                                    />
                                                                                </div>
                                                                                <div
                                                                                    class="css-o2ldmt"
                                                                                >
                                                                                    <p
                                                                                        class="chakra-text css-pbtft"
                                                                                    >
                                                                                        Cheese,
                                                                                        Blend,
                                                                                        Mozz,
                                                                                        Wm
                                                                                        &amp;
                                                                                        Ps,
                                                                                        Premio
                                                                                        Shred,
                                                                                        6/5
                                                                                        Lb
                                                                                        -
                                                                                        112492
                                                                                    </p>
                                                                                    <p
                                                                                        class="chakra-text css-w6ttxb"
                                                                                    >
                                                                                        Galbani
                                                                                        Premio
                                                                                    </p>
                                                                                    <div
                                                                                        class="css-o2ldmt"
                                                                                    >
                                                                                        <div
                                                                                            class="css-zibc0q"
                                                                                        >
                                                                                            <div
                                                                                                class="css-j6qzfh"
                                                                                            >
                                                                                                <b
                                                                                                    class="chakra-text css-1vhzs63"
                                                                                                    >$101.51</b
                                                                                                ><span
                                                                                                    class="chakra-badge css-ff7g47"
                                                                                                    >$3.38/lb</span
                                                                                                >
                                                                                            </div>
                                                                                            <p
                                                                                                class="chakra-text css-5hm120"
                                                                                            >
                                                                                                <svg
                                                                                                    stroke="currentColor"
                                                                                                    fill="currentColor"
                                                                                                    stroke-width="0"
                                                                                                    viewBox="0 0 24 24"
                                                                                                    height="1em"
                                                                                                    width="1em"
                                                                                                    xmlns="http://www.w3.org/2000/svg"
                                                                                                >
                                                                                                    <path
                                                                                                        d="M2.047 14.668a.994.994 0 0 0 .465.607l1.91 1.104v2.199a1 1 0 0 0 1 1h2.199l1.104 1.91a1.01 1.01 0 0 0 .866.5c.174 0 .347-.046.501-.135L12 20.75l1.91 1.104a1.001 1.001 0 0 0 1.366-.365l1.103-1.91h2.199a1 1 0 0 0 1-1V16.38l1.91-1.104a1 1 0 0 0 .365-1.367L20.75 12l1.104-1.908a1 1 0 0 0-.365-1.366l-1.91-1.104v-2.2a1 1 0 0 0-1-1H16.38l-1.103-1.909a1.008 1.008 0 0 0-.607-.466.993.993 0 0 0-.759.1L12 3.25l-1.909-1.104a1 1 0 0 0-1.366.365l-1.104 1.91H5.422a1 1 0 0 0-1 1V7.62l-1.91 1.104a1.003 1.003 0 0 0-.365 1.368L3.251 12l-1.104 1.908a1.009 1.009 0 0 0-.1.76zM12 13c-3.48 0-4-1.879-4-3 0-1.287 1.029-2.583 3-2.915V6.012h2v1.109c1.734.41 2.4 1.853 2.4 2.879h-1l-1 .018C13.386 9.638 13.185 9 12 9c-1.299 0-2 .515-2 1 0 .374 0 1 2 1 3.48 0 4 1.879 4 3 0 1.287-1.029 2.583-3 2.915V18h-2v-1.08c-2.339-.367-3-2.003-3-2.92h2c.011.143.159 1 2 1 1.38 0 2-.585 2-1 0-.325 0-1-2-1z"
                                                                                                    ></path></svg
                                                                                                ><span
                                                                                                    class="chakra-text css-87ralv"
                                                                                                    >Buy
                                                                                                    10+
                                                                                                    pay
                                                                                                    $98.46</span
                                                                                                >
                                                                                            </p>
                                                                                        </div>
                                                                                    </div>
                                                                                </div>
                                                                            </div>
                                                                        </div></a
                                                                    >
                                                                </div>
                                                            </div>
                                                        </div>
                                                    </div>
                                                    <div
                                                        data-index="23"
                                                        tabindex="-1"
                                                        class="slick-slide slick-cloned"
                                                        aria-hidden="true"
                                                        style="width: 213px"
                                                    >
                                                        <div>
                                                            <div
                                                                tabindex="-1"
                                                                class="css-0"
                                                                style="
                                                                    width: 100%;
                                                                    display: inline-block;
                                                                "
                                                            >
                                                                <div
                                                                    class="p-2 css-0"
                                                                >
                                                                    <a
                                                                        class="chakra-card group css-5pmr4x"
                                                                        role="link"
                                                                        href="/sku/cheese-monterey-jack-block-40-lb-avg-103562/103562"
                                                                        ><div
                                                                            class="chakra-card__body css-1idwstw"
                                                                        >
                                                                            <div
                                                                                class="relative css-1bpq4gx"
                                                                            >
                                                                                <div
                                                                                    class="absolute right-0 z-10 css-0"
                                                                                >
                                                                                    <div
                                                                                        class="css-ckyhk3"
                                                                                    >
                                                                                        <div
                                                                                            role="group"
                                                                                            class="chakra-button__group css-1ind3v2"
                                                                                            data-orientation="horizontal"
                                                                                        >
                                                                                            <button
                                                                                                type="button"
                                                                                                class="chakra-button shadow-elevation-1 css-1lbuwe"
                                                                                                aria-label="Add to cart"
                                                                                            >
                                                                                                <svg
                                                                                                    stroke="currentColor"
                                                                                                    fill="currentColor"
                                                                                                    stroke-width="0"
                                                                                                    viewBox="0 0 16 16"
                                                                                                    focusable="false"
                                                                                                    class="chakra-icon css-6ey7w3"
                                                                                                    aria-hidden="true"
                                                                                                    height="1em"
                                                                                                    width="1em"
                                                                                                    xmlns="http://www.w3.org/2000/svg"
                                                                                                >
                                                                                                    <path
                                                                                                        d="M8 4a.5.5 0 0 1 .5.5v3h3a.5.5 0 0 1 0 1h-3v3a.5.5 0 0 1-1 0v-3h-3a.5.5 0 0 1 0-1h3v-3A.5.5 0 0 1 8 4"
                                                                                                    ></path>
                                                                                                </svg>
                                                                                            </button>
                                                                                        </div>
                                                                                    </div>
                                                                                </div>
                                                                                <div
                                                                                    class="relative h-full css-0"
                                                                                >
                                                                                    <img
                                                                                        alt="Cheese, Monterey Jack, Block, 40 Lb Avg - 103562"
                                                                                        decoding="async"
                                                                                        data-nimg="fill"
                                                                                        class="object-contain object-top"
                                                                                        sizes="auto"
                                                                                        srcset="
                                                                                            /_next/image?url=https%3A%2F%2Fd3tlizm80tjdt4.cloudfront.net%2Fimage%2F11519%2Fimage%2Fsm-6f1eb10583921d3db8a9df08b378c1bd.jpeg&amp;w=16&amp;q=50     16w,
                                                                                            /_next/image?url=https%3A%2F%2Fd3tlizm80tjdt4.cloudfront.net%2Fimage%2F11519%2Fimage%2Fsm-6f1eb10583921d3db8a9df08b378c1bd.jpeg&amp;w=32&amp;q=50     32w,
                                                                                            /_next/image?url=https%3A%2F%2Fd3tlizm80tjdt4.cloudfront.net%2Fimage%2F11519%2Fimage%2Fsm-6f1eb10583921d3db8a9df08b378c1bd.jpeg&amp;w=48&amp;q=50     48w,
                                                                                            /_next/image?url=https%3A%2F%2Fd3tlizm80tjdt4.cloudfront.net%2Fimage%2F11519%2Fimage%2Fsm-6f1eb10583921d3db8a9df08b378c1bd.jpeg&amp;w=64&amp;q=50     64w,
                                                                                            /_next/image?url=https%3A%2F%2Fd3tlizm80tjdt4.cloudfront.net%2Fimage%2F11519%2Fimage%2Fsm-6f1eb10583921d3db8a9df08b378c1bd.jpeg&amp;w=96&amp;q=50     96w,
                                                                                            /_next/image?url=https%3A%2F%2Fd3tlizm80tjdt4.cloudfront.net%2Fimage%2F11519%2Fimage%2Fsm-6f1eb10583921d3db8a9df08b378c1bd.jpeg&amp;w=128&amp;q=50   128w,
                                                                                            /_next/image?url=https%3A%2F%2Fd3tlizm80tjdt4.cloudfront.net%2Fimage%2F11519%2Fimage%2Fsm-6f1eb10583921d3db8a9df08b378c1bd.jpeg&amp;w=256&amp;q=50   256w,
                                                                                            /_next/image?url=https%3A%2F%2Fd3tlizm80tjdt4.cloudfront.net%2Fimage%2F11519%2Fimage%2Fsm-6f1eb10583921d3db8a9df08b378c1bd.jpeg&amp;w=384&amp;q=50   384w,
                                                                                            /_next/image?url=https%3A%2F%2Fd3tlizm80tjdt4.cloudfront.net%2Fimage%2F11519%2Fimage%2Fsm-6f1eb10583921d3db8a9df08b378c1bd.jpeg&amp;w=640&amp;q=50   640w,
                                                                                            /_next/image?url=https%3A%2F%2Fd3tlizm80tjdt4.cloudfront.net%2Fimage%2F11519%2Fimage%2Fsm-6f1eb10583921d3db8a9df08b378c1bd.jpeg&amp;w=750&amp;q=50   750w,
                                                                                            /_next/image?url=https%3A%2F%2Fd3tlizm80tjdt4.cloudfront.net%2Fimage%2F11519%2Fimage%2Fsm-6f1eb10583921d3db8a9df08b378c1bd.jpeg&amp;w=828&amp;q=50   828w,
                                                                                            /_next/image?url=https%3A%2F%2Fd3tlizm80tjdt4.cloudfront.net%2Fimage%2F11519%2Fimage%2Fsm-6f1eb10583921d3db8a9df08b378c1bd.jpeg&amp;w=1080&amp;q=50 1080w,
                                                                                            /_next/image?url=https%3A%2F%2Fd3tlizm80tjdt4.cloudfront.net%2Fimage%2F11519%2Fimage%2Fsm-6f1eb10583921d3db8a9df08b378c1bd.jpeg&amp;w=1200&amp;q=50 1200w,
                                                                                            /_next/image?url=https%3A%2F%2Fd3tlizm80tjdt4.cloudfront.net%2Fimage%2F11519%2Fimage%2Fsm-6f1eb10583921d3db8a9df08b378c1bd.jpeg&amp;w=1920&amp;q=50 1920w,
                                                                                            /_next/image?url=https%3A%2F%2Fd3tlizm80tjdt4.cloudfront.net%2Fimage%2F11519%2Fimage%2Fsm-6f1eb10583921d3db8a9df08b378c1bd.jpeg&amp;w=2048&amp;q=50 2048w,
                                                                                            /_next/image?url=https%3A%2F%2Fd3tlizm80tjdt4.cloudfront.net%2Fimage%2F11519%2Fimage%2Fsm-6f1eb10583921d3db8a9df08b378c1bd.jpeg&amp;w=3840&amp;q=50 3840w
                                                                                        "
                                                                                        src="/_next/image?url=https%3A%2F%2Fd3tlizm80tjdt4.cloudfront.net%2Fimage%2F11519%2Fimage%2Fsm-6f1eb10583921d3db8a9df08b378c1bd.jpeg&amp;w=3840&amp;q=50"
                                                                                        style="
                                                                                            position: absolute;
                                                                                            height: 100%;
                                                                                            width: 100%;
                                                                                            inset: 0px;
                                                                                            color: transparent;
                                                                                        "
                                                                                    />
                                                                                </div>
                                                                                <div
                                                                                    class="css-o2ldmt"
                                                                                >
                                                                                    <p
                                                                                        class="chakra-text css-pbtft"
                                                                                    >
                                                                                        Cheese,
                                                                                        Monterey
                                                                                        Jack,
                                                                                        Block,
                                                                                        40
                                                                                        Lb
                                                                                        Avg
                                                                                        -
                                                                                        103562
                                                                                    </p>
                                                                                    <p
                                                                                        class="chakra-text css-w6ttxb"
                                                                                    >
                                                                                        Packer
                                                                                    </p>
                                                                                    <p
                                                                                        class="chakra-text css-w6ttxb"
                                                                                    >
                                                                                        40
                                                                                        lbs
                                                                                    </p>
                                                                                    <div
                                                                                        class="css-o2ldmt"
                                                                                    >
                                                                                        <div
                                                                                            class="css-zibc0q"
                                                                                        >
                                                                                            <div
                                                                                                class="css-j6qzfh"
                                                                                            >
                                                                                                <b
                                                                                                    class="chakra-text css-1vhzs63"
                                                                                                    >$112.00</b
                                                                                                ><span
                                                                                                    class="chakra-badge css-ff7g47"
                                                                                                    >$2.80/lb</span
                                                                                                >
                                                                                            </div>
                                                                                        </div>
                                                                                    </div>
                                                                                </div>
                                                                            </div>
                                                                        </div></a
                                                                    >
                                                                </div>
                                                            </div>
                                                        </div>
                                                    </div>
                                                    <div
                                                        data-index="24"
                                                        tabindex="-1"
                                                        class="slick-slide slick-cloned"
                                                        aria-hidden="true"
                                                        style="width: 213px"
                                                    >
                                                        <div>
                                                            <div
                                                                tabindex="-1"
                                                                class="css-0"
                                                                style="
                                                                    width: 100%;
                                                                    display: inline-block;
                                                                "
                                                            >
                                                                <div
                                                                    class="p-2 css-0"
                                                                >
                                                                    <a
                                                                        class="chakra-card group css-5pmr4x"
                                                                        role="link"
                                                                        href="/sku/cheese-asiago-shredded-6-5-lb-111711/111711"
                                                                        ><div
                                                                            class="chakra-card__body css-1idwstw"
                                                                        >
                                                                            <div
                                                                                class="relative css-1bpq4gx"
                                                                            >
                                                                                <div
                                                                                    class="absolute right-0 z-10 css-0"
                                                                                >
                                                                                    <div
                                                                                        class="css-ckyhk3"
                                                                                    >
                                                                                        <div
                                                                                            role="group"
                                                                                            class="chakra-button__group css-1ind3v2"
                                                                                            data-orientation="horizontal"
                                                                                        >
                                                                                            <button
                                                                                                type="button"
                                                                                                class="chakra-button shadow-elevation-1 css-1lbuwe"
                                                                                                aria-label="Add to cart"
                                                                                            >
                                                                                                <svg
                                                                                                    stroke="currentColor"
                                                                                                    fill="currentColor"
                                                                                                    stroke-width="0"
                                                                                                    viewBox="0 0 16 16"
                                                                                                    focusable="false"
                                                                                                    class="chakra-icon css-6ey7w3"
                                                                                                    aria-hidden="true"
                                                                                                    height="1em"
                                                                                                    width="1em"
                                                                                                    xmlns="http://www.w3.org/2000/svg"
                                                                                                >
                                                                                                    <path
                                                                                                        d="M8 4a.5.5 0 0 1 .5.5v3h3a.5.5 0 0 1 0 1h-3v3a.5.5 0 0 1-1 0v-3h-3a.5.5 0 0 1 0-1h3v-3A.5.5 0 0 1 8 4"
                                                                                                    ></path>
                                                                                                </svg>
                                                                                            </button>
                                                                                        </div>
                                                                                    </div>
                                                                                </div>
                                                                                <div
                                                                                    class="relative h-full css-0"
                                                                                >
                                                                                    <img
                                                                                        alt="Cheese, Asiago, Shredded, (6) 5 Lb - 111711"
                                                                                        decoding="async"
                                                                                        data-nimg="fill"
                                                                                        class="object-contain object-top"
                                                                                        sizes="auto"
                                                                                        srcset="
                                                                                            /_next/image?url=https%3A%2F%2Fd3tlizm80tjdt4.cloudfront.net%2Fimage%2F11540%2Fimage%2Fsm-dc389e1a3b99419ba379e3fb3916db94.png&amp;w=16&amp;q=50     16w,
                                                                                            /_next/image?url=https%3A%2F%2Fd3tlizm80tjdt4.cloudfront.net%2Fimage%2F11540%2Fimage%2Fsm-dc389e1a3b99419ba379e3fb3916db94.png&amp;w=32&amp;q=50     32w,
                                                                                            /_next/image?url=https%3A%2F%2Fd3tlizm80tjdt4.cloudfront.net%2Fimage%2F11540%2Fimage%2Fsm-dc389e1a3b99419ba379e3fb3916db94.png&amp;w=48&amp;q=50     48w,
                                                                                            /_next/image?url=https%3A%2F%2Fd3tlizm80tjdt4.cloudfront.net%2Fimage%2F11540%2Fimage%2Fsm-dc389e1a3b99419ba379e3fb3916db94.png&amp;w=64&amp;q=50     64w,
                                                                                            /_next/image?url=https%3A%2F%2Fd3tlizm80tjdt4.cloudfront.net%2Fimage%2F11540%2Fimage%2Fsm-dc389e1a3b99419ba379e3fb3916db94.png&amp;w=96&amp;q=50     96w,
                                                                                            /_next/image?url=https%3A%2F%2Fd3tlizm80tjdt4.cloudfront.net%2Fimage%2F11540%2Fimage%2Fsm-dc389e1a3b99419ba379e3fb3916db94.png&amp;w=128&amp;q=50   128w,
                                                                                            /_next/image?url=https%3A%2F%2Fd3tlizm80tjdt4.cloudfront.net%2Fimage%2F11540%2Fimage%2Fsm-dc389e1a3b99419ba379e3fb3916db94.png&amp;w=256&amp;q=50   256w,
                                                                                            /_next/image?url=https%3A%2F%2Fd3tlizm80tjdt4.cloudfront.net%2Fimage%2F11540%2Fimage%2Fsm-dc389e1a3b99419ba379e3fb3916db94.png&amp;w=384&amp;q=50   384w,
                                                                                            /_next/image?url=https%3A%2F%2Fd3tlizm80tjdt4.cloudfront.net%2Fimage%2F11540%2Fimage%2Fsm-dc389e1a3b99419ba379e3fb3916db94.png&amp;w=640&amp;q=50   640w,
                                                                                            /_next/image?url=https%3A%2F%2Fd3tlizm80tjdt4.cloudfront.net%2Fimage%2F11540%2Fimage%2Fsm-dc389e1a3b99419ba379e3fb3916db94.png&amp;w=750&amp;q=50   750w,
                                                                                            /_next/image?url=https%3A%2F%2Fd3tlizm80tjdt4.cloudfront.net%2Fimage%2F11540%2Fimage%2Fsm-dc389e1a3b99419ba379e3fb3916db94.png&amp;w=828&amp;q=50   828w,
                                                                                            /_next/image?url=https%3A%2F%2Fd3tlizm80tjdt4.cloudfront.net%2Fimage%2F11540%2Fimage%2Fsm-dc389e1a3b99419ba379e3fb3916db94.png&amp;w=1080&amp;q=50 1080w,
                                                                                            /_next/image?url=https%3A%2F%2Fd3tlizm80tjdt4.cloudfront.net%2Fimage%2F11540%2Fimage%2Fsm-dc389e1a3b99419ba379e3fb3916db94.png&amp;w=1200&amp;q=50 1200w,
                                                                                            /_next/image?url=https%3A%2F%2Fd3tlizm80tjdt4.cloudfront.net%2Fimage%2F11540%2Fimage%2Fsm-dc389e1a3b99419ba379e3fb3916db94.png&amp;w=1920&amp;q=50 1920w,
                                                                                            /_next/image?url=https%3A%2F%2Fd3tlizm80tjdt4.cloudfront.net%2Fimage%2F11540%2Fimage%2Fsm-dc389e1a3b99419ba379e3fb3916db94.png&amp;w=2048&amp;q=50 2048w,
                                                                                            /_next/image?url=https%3A%2F%2Fd3tlizm80tjdt4.cloudfront.net%2Fimage%2F11540%2Fimage%2Fsm-dc389e1a3b99419ba379e3fb3916db94.png&amp;w=3840&amp;q=50 3840w
                                                                                        "
                                                                                        src="/_next/image?url=https%3A%2F%2Fd3tlizm80tjdt4.cloudfront.net%2Fimage%2F11540%2Fimage%2Fsm-dc389e1a3b99419ba379e3fb3916db94.png&amp;w=3840&amp;q=50"
                                                                                        style="
                                                                                            position: absolute;
                                                                                            height: 100%;
                                                                                            width: 100%;
                                                                                            inset: 0px;
                                                                                            color: transparent;
                                                                                        "
                                                                                    />
                                                                                </div>
                                                                                <div
                                                                                    class="css-o2ldmt"
                                                                                >
                                                                                    <p
                                                                                        class="chakra-text css-pbtft"
                                                                                    >
                                                                                        Cheese,
                                                                                        Asiago,
                                                                                        Shredded,
                                                                                        (6)
                                                                                        5
                                                                                        Lb
                                                                                        -
                                                                                        111711
                                                                                    </p>
                                                                                    <p
                                                                                        class="chakra-text css-w6ttxb"
                                                                                    >
                                                                                        Galbani
                                                                                    </p>
                                                                                    <div
                                                                                        class="css-o2ldmt"
                                                                                    >
                                                                                        <div
                                                                                            class="css-zibc0q"
                                                                                        >
                                                                                            <div
                                                                                                class="css-j6qzfh"
                                                                                            >
                                                                                                <b
                                                                                                    class="chakra-text css-1vhzs63"
                                                                                                    >$26.06</b
                                                                                                ><span
                                                                                                    class="chakra-badge css-ff7g47"
                                                                                                    >$5.21/lb</span
                                                                                                >
                                                                                            </div>
                                                                                        </div>
                                                                                    </div>
                                                                                </div>
                                                                            </div>
                                                                        </div></a
                                                                    >
                                                                </div>
                                                            </div>
                                                        </div>
                                                    </div>
                                                    <div
                                                        data-index="25"
                                                        tabindex="-1"
                                                        class="slick-slide slick-cloned"
                                                        aria-hidden="true"
                                                        style="width: 213px"
                                                    >
                                                        <div>
                                                            <div
                                                                tabindex="-1"
                                                                class="css-0"
                                                                style="
                                                                    width: 100%;
                                                                    display: inline-block;
                                                                "
                                                            >
                                                                <div
                                                                    class="p-2 css-0"
                                                                >
                                                                    <a
                                                                        class="chakra-card group css-5pmr4x"
                                                                        role="link"
                                                                        href="/sku/cheese-provolone-sliced-8-15-lb-103601/103601"
                                                                        ><div
                                                                            class="chakra-card__body css-1idwstw"
                                                                        >
                                                                            <div
                                                                                class="relative css-1bpq4gx"
                                                                            >
                                                                                <div
                                                                                    class="absolute right-0 z-10 css-0"
                                                                                >
                                                                                    <div
                                                                                        class="css-ckyhk3"
                                                                                    >
                                                                                        <div
                                                                                            role="group"
                                                                                            class="chakra-button__group css-1ind3v2"
                                                                                            data-orientation="horizontal"
                                                                                        >
                                                                                            <button
                                                                                                type="button"
                                                                                                class="chakra-button shadow-elevation-1 css-1lbuwe"
                                                                                                aria-label="Add to cart"
                                                                                            >
                                                                                                <svg
                                                                                                    stroke="currentColor"
                                                                                                    fill="currentColor"
                                                                                                    stroke-width="0"
                                                                                                    viewBox="0 0 16 16"
                                                                                                    focusable="false"
                                                                                                    class="chakra-icon css-6ey7w3"
                                                                                                    aria-hidden="true"
                                                                                                    height="1em"
                                                                                                    width="1em"
                                                                                                    xmlns="http://www.w3.org/2000/svg"
                                                                                                >
                                                                                                    <path
                                                                                                        d="M8 4a.5.5 0 0 1 .5.5v3h3a.5.5 0 0 1 0 1h-3v3a.5.5 0 0 1-1 0v-3h-3a.5.5 0 0 1 0-1h3v-3A.5.5 0 0 1 8 4"
                                                                                                    ></path>
                                                                                                </svg>
                                                                                            </button>
                                                                                        </div>
                                                                                    </div>
                                                                                </div>
                                                                                <div
                                                                                    class="relative h-full css-0"
                                                                                >
                                                                                    <img
                                                                                        alt="Cheese, Provolone, Sliced, (8) 1.5 Lb - 103601"
                                                                                        decoding="async"
                                                                                        data-nimg="fill"
                                                                                        class="object-contain object-top"
                                                                                        sizes="auto"
                                                                                        srcset="
                                                                                            /_next/image?url=https%3A%2F%2Fd3tlizm80tjdt4.cloudfront.net%2Fimage%2F8966%2Fimage%2Fsm-0ad8abe6c7be4ec1371aa99b8a1fe80d.jpeg&amp;w=16&amp;q=50     16w,
                                                                                            /_next/image?url=https%3A%2F%2Fd3tlizm80tjdt4.cloudfront.net%2Fimage%2F8966%2Fimage%2Fsm-0ad8abe6c7be4ec1371aa99b8a1fe80d.jpeg&amp;w=32&amp;q=50     32w,
                                                                                            /_next/image?url=https%3A%2F%2Fd3tlizm80tjdt4.cloudfront.net%2Fimage%2F8966%2Fimage%2Fsm-0ad8abe6c7be4ec1371aa99b8a1fe80d.jpeg&amp;w=48&amp;q=50     48w,
                                                                                            /_next/image?url=https%3A%2F%2Fd3tlizm80tjdt4.cloudfront.net%2Fimage%2F8966%2Fimage%2Fsm-0ad8abe6c7be4ec1371aa99b8a1fe80d.jpeg&amp;w=64&amp;q=50     64w,
                                                                                            /_next/image?url=https%3A%2F%2Fd3tlizm80tjdt4.cloudfront.net%2Fimage%2F8966%2Fimage%2Fsm-0ad8abe6c7be4ec1371aa99b8a1fe80d.jpeg&amp;w=96&amp;q=50     96w,
                                                                                            /_next/image?url=https%3A%2F%2Fd3tlizm80tjdt4.cloudfront.net%2Fimage%2F8966%2Fimage%2Fsm-0ad8abe6c7be4ec1371aa99b8a1fe80d.jpeg&amp;w=128&amp;q=50   128w,
                                                                                            /_next/image?url=https%3A%2F%2Fd3tlizm80tjdt4.cloudfront.net%2Fimage%2F8966%2Fimage%2Fsm-0ad8abe6c7be4ec1371aa99b8a1fe80d.jpeg&amp;w=256&amp;q=50   256w,
                                                                                            /_next/image?url=https%3A%2F%2Fd3tlizm80tjdt4.cloudfront.net%2Fimage%2F8966%2Fimage%2Fsm-0ad8abe6c7be4ec1371aa99b8a1fe80d.jpeg&amp;w=384&amp;q=50   384w,
                                                                                            /_next/image?url=https%3A%2F%2Fd3tlizm80tjdt4.cloudfront.net%2Fimage%2F8966%2Fimage%2Fsm-0ad8abe6c7be4ec1371aa99b8a1fe80d.jpeg&amp;w=640&amp;q=50   640w,
                                                                                            /_next/image?url=https%3A%2F%2Fd3tlizm80tjdt4.cloudfront.net%2Fimage%2F8966%2Fimage%2Fsm-0ad8abe6c7be4ec1371aa99b8a1fe80d.jpeg&amp;w=750&amp;q=50   750w,
                                                                                            /_next/image?url=https%3A%2F%2Fd3tlizm80tjdt4.cloudfront.net%2Fimage%2F8966%2Fimage%2Fsm-0ad8abe6c7be4ec1371aa99b8a1fe80d.jpeg&amp;w=828&amp;q=50   828w,
                                                                                            /_next/image?url=https%3A%2F%2Fd3tlizm80tjdt4.cloudfront.net%2Fimage%2F8966%2Fimage%2Fsm-0ad8abe6c7be4ec1371aa99b8a1fe80d.jpeg&amp;w=1080&amp;q=50 1080w,
                                                                                            /_next/image?url=https%3A%2F%2Fd3tlizm80tjdt4.cloudfront.net%2Fimage%2F8966%2Fimage%2Fsm-0ad8abe6c7be4ec1371aa99b8a1fe80d.jpeg&amp;w=1200&amp;q=50 1200w,
                                                                                            /_next/image?url=https%3A%2F%2Fd3tlizm80tjdt4.cloudfront.net%2Fimage%2F8966%2Fimage%2Fsm-0ad8abe6c7be4ec1371aa99b8a1fe80d.jpeg&amp;w=1920&amp;q=50 1920w,
                                                                                            /_next/image?url=https%3A%2F%2Fd3tlizm80tjdt4.cloudfront.net%2Fimage%2F8966%2Fimage%2Fsm-0ad8abe6c7be4ec1371aa99b8a1fe80d.jpeg&amp;w=2048&amp;q=50 2048w,
                                                                                            /_next/image?url=https%3A%2F%2Fd3tlizm80tjdt4.cloudfront.net%2Fimage%2F8966%2Fimage%2Fsm-0ad8abe6c7be4ec1371aa99b8a1fe80d.jpeg&amp;w=3840&amp;q=50 3840w
                                                                                        "
                                                                                        src="/_next/image?url=https%3A%2F%2Fd3tlizm80tjdt4.cloudfront.net%2Fimage%2F8966%2Fimage%2Fsm-0ad8abe6c7be4ec1371aa99b8a1fe80d.jpeg&amp;w=3840&amp;q=50"
                                                                                        style="
                                                                                            position: absolute;
                                                                                            height: 100%;
                                                                                            width: 100%;
                                                                                            inset: 0px;
                                                                                            color: transparent;
                                                                                        "
                                                                                    />
                                                                                </div>
                                                                                <div
                                                                                    class="css-o2ldmt"
                                                                                >
                                                                                    <p
                                                                                        class="chakra-text css-pbtft"
                                                                                    >
                                                                                        Cheese,
                                                                                        Provolone,
                                                                                        Sliced,
                                                                                        (8)
                                                                                        1.5
                                                                                        Lb
                                                                                        -
                                                                                        103601
                                                                                    </p>
                                                                                    <p
                                                                                        class="chakra-text css-w6ttxb"
                                                                                    >
                                                                                        California
                                                                                        Select
                                                                                        Farms
                                                                                    </p>
                                                                                    <div
                                                                                        class="css-o2ldmt"
                                                                                    >
                                                                                        <div
                                                                                            class="css-zibc0q"
                                                                                        >
                                                                                            <div
                                                                                                class="css-j6qzfh"
                                                                                            >
                                                                                                <b
                                                                                                    class="chakra-text css-1vhzs63"
                                                                                                    >$6.58</b
                                                                                                ><span
                                                                                                    class="chakra-badge css-ff7g47"
                                                                                                    >$4.39/lb</span
                                                                                                >
                                                                                            </div>
                                                                                        </div>
                                                                                    </div>
                                                                                </div>
                                                                            </div>
                                                                        </div></a
                                                                    >
                                                                </div>
                                                            </div>
                                                        </div>
                                                    </div>
                                                    <div
                                                        data-index="26"
                                                        tabindex="-1"
                                                        class="slick-slide slick-cloned"
                                                        aria-hidden="true"
                                                        style="width: 213px"
                                                    >
                                                        <div>
                                                            <div
                                                                tabindex="-1"
                                                                class="css-0"
                                                                style="
                                                                    width: 100%;
                                                                    display: inline-block;
                                                                "
                                                            >
                                                                <div
                                                                    class="p-2 css-0"
                                                                >
                                                                    <a
                                                                        class="chakra-card group css-5pmr4x"
                                                                        role="link"
                                                                        href="/sku/cheese-5-blend-moz-wmlmlmpsprovparmroma-65-lb-123784/123784"
                                                                        ><div
                                                                            class="chakra-card__body css-1idwstw"
                                                                        >
                                                                            <div
                                                                                class="relative css-1bpq4gx"
                                                                            >
                                                                                <div
                                                                                    class="absolute right-0 z-10 css-0"
                                                                                >
                                                                                    <div
                                                                                        class="css-ckyhk3"
                                                                                    >
                                                                                        <div
                                                                                            role="group"
                                                                                            class="chakra-button__group css-1ind3v2"
                                                                                            data-orientation="horizontal"
                                                                                        >
                                                                                            <button
                                                                                                type="button"
                                                                                                class="chakra-button shadow-elevation-1 css-1lbuwe"
                                                                                                aria-label="Add to cart"
                                                                                            >
                                                                                                <svg
                                                                                                    stroke="currentColor"
                                                                                                    fill="currentColor"
                                                                                                    stroke-width="0"
                                                                                                    viewBox="0 0 16 16"
                                                                                                    focusable="false"
                                                                                                    class="chakra-icon css-6ey7w3"
                                                                                                    aria-hidden="true"
                                                                                                    height="1em"
                                                                                                    width="1em"
                                                                                                    xmlns="http://www.w3.org/2000/svg"
                                                                                                >
                                                                                                    <path
                                                                                                        d="M8 4a.5.5 0 0 1 .5.5v3h3a.5.5 0 0 1 0 1h-3v3a.5.5 0 0 1-1 0v-3h-3a.5.5 0 0 1 0-1h3v-3A.5.5 0 0 1 8 4"
                                                                                                    ></path>
                                                                                                </svg>
                                                                                            </button>
                                                                                        </div>
                                                                                    </div>
                                                                                </div>
                                                                                <div
                                                                                    class="relative h-full css-0"
                                                                                >
                                                                                    <img
                                                                                        alt="Cheese, 5 Blend, Moz Wmlm/lmps/prov/parm/roma, 6/5 Lb - 123784"
                                                                                        decoding="async"
                                                                                        data-nimg="fill"
                                                                                        class="object-contain object-top"
                                                                                        sizes="auto"
                                                                                        srcset="
                                                                                            /_next/image?url=https%3A%2F%2Fd3tlizm80tjdt4.cloudfront.net%2Fremote_images%2Fimage%2F7464%2Fsmall%2F4c120c44089fd73a9dc6802b21106ba43711bda636e75afc96.jpg&amp;w=16&amp;q=50     16w,
                                                                                            /_next/image?url=https%3A%2F%2Fd3tlizm80tjdt4.cloudfront.net%2Fremote_images%2Fimage%2F7464%2Fsmall%2F4c120c44089fd73a9dc6802b21106ba43711bda636e75afc96.jpg&amp;w=32&amp;q=50     32w,
                                                                                            /_next/image?url=https%3A%2F%2Fd3tlizm80tjdt4.cloudfront.net%2Fremote_images%2Fimage%2F7464%2Fsmall%2F4c120c44089fd73a9dc6802b21106ba43711bda636e75afc96.jpg&amp;w=48&amp;q=50     48w,
                                                                                            /_next/image?url=https%3A%2F%2Fd3tlizm80tjdt4.cloudfront.net%2Fremote_images%2Fimage%2F7464%2Fsmall%2F4c120c44089fd73a9dc6802b21106ba43711bda636e75afc96.jpg&amp;w=64&amp;q=50     64w,
                                                                                            /_next/image?url=https%3A%2F%2Fd3tlizm80tjdt4.cloudfront.net%2Fremote_images%2Fimage%2F7464%2Fsmall%2F4c120c44089fd73a9dc6802b21106ba43711bda636e75afc96.jpg&amp;w=96&amp;q=50     96w,
                                                                                            /_next/image?url=https%3A%2F%2Fd3tlizm80tjdt4.cloudfront.net%2Fremote_images%2Fimage%2F7464%2Fsmall%2F4c120c44089fd73a9dc6802b21106ba43711bda636e75afc96.jpg&amp;w=128&amp;q=50   128w,
                                                                                            /_next/image?url=https%3A%2F%2Fd3tlizm80tjdt4.cloudfront.net%2Fremote_images%2Fimage%2F7464%2Fsmall%2F4c120c44089fd73a9dc6802b21106ba43711bda636e75afc96.jpg&amp;w=256&amp;q=50   256w,
                                                                                            /_next/image?url=https%3A%2F%2Fd3tlizm80tjdt4.cloudfront.net%2Fremote_images%2Fimage%2F7464%2Fsmall%2F4c120c44089fd73a9dc6802b21106ba43711bda636e75afc96.jpg&amp;w=384&amp;q=50   384w,
                                                                                            /_next/image?url=https%3A%2F%2Fd3tlizm80tjdt4.cloudfront.net%2Fremote_images%2Fimage%2F7464%2Fsmall%2F4c120c44089fd73a9dc6802b21106ba43711bda636e75afc96.jpg&amp;w=640&amp;q=50   640w,
                                                                                            /_next/image?url=https%3A%2F%2Fd3tlizm80tjdt4.cloudfront.net%2Fremote_images%2Fimage%2F7464%2Fsmall%2F4c120c44089fd73a9dc6802b21106ba43711bda636e75afc96.jpg&amp;w=750&amp;q=50   750w,
                                                                                            /_next/image?url=https%3A%2F%2Fd3tlizm80tjdt4.cloudfront.net%2Fremote_images%2Fimage%2F7464%2Fsmall%2F4c120c44089fd73a9dc6802b21106ba43711bda636e75afc96.jpg&amp;w=828&amp;q=50   828w,
                                                                                            /_next/image?url=https%3A%2F%2Fd3tlizm80tjdt4.cloudfront.net%2Fremote_images%2Fimage%2F7464%2Fsmall%2F4c120c44089fd73a9dc6802b21106ba43711bda636e75afc96.jpg&amp;w=1080&amp;q=50 1080w,
                                                                                            /_next/image?url=https%3A%2F%2Fd3tlizm80tjdt4.cloudfront.net%2Fremote_images%2Fimage%2F7464%2Fsmall%2F4c120c44089fd73a9dc6802b21106ba43711bda636e75afc96.jpg&amp;w=1200&amp;q=50 1200w,
                                                                                            /_next/image?url=https%3A%2F%2Fd3tlizm80tjdt4.cloudfront.net%2Fremote_images%2Fimage%2F7464%2Fsmall%2F4c120c44089fd73a9dc6802b21106ba43711bda636e75afc96.jpg&amp;w=1920&amp;q=50 1920w,
                                                                                            /_next/image?url=https%3A%2F%2Fd3tlizm80tjdt4.cloudfront.net%2Fremote_images%2Fimage%2F7464%2Fsmall%2F4c120c44089fd73a9dc6802b21106ba43711bda636e75afc96.jpg&amp;w=2048&amp;q=50 2048w,
                                                                                            /_next/image?url=https%3A%2F%2Fd3tlizm80tjdt4.cloudfront.net%2Fremote_images%2Fimage%2F7464%2Fsmall%2F4c120c44089fd73a9dc6802b21106ba43711bda636e75afc96.jpg&amp;w=3840&amp;q=50 3840w
                                                                                        "
                                                                                        src="/_next/image?url=https%3A%2F%2Fd3tlizm80tjdt4.cloudfront.net%2Fremote_images%2Fimage%2F7464%2Fsmall%2F4c120c44089fd73a9dc6802b21106ba43711bda636e75afc96.jpg&amp;w=3840&amp;q=50"
                                                                                        style="
                                                                                            position: absolute;
                                                                                            height: 100%;
                                                                                            width: 100%;
                                                                                            inset: 0px;
                                                                                            color: transparent;
                                                                                        "
                                                                                    />
                                                                                </div>
                                                                                <div
                                                                                    class="css-o2ldmt"
                                                                                >
                                                                                    <p
                                                                                        class="chakra-text css-pbtft"
                                                                                    >
                                                                                        Cheese,
                                                                                        5
                                                                                        Blend,
                                                                                        Moz
                                                                                        Wmlm/lmps/prov/parm/roma,
                                                                                        6/5
                                                                                        Lb
                                                                                        -
                                                                                        123784
                                                                                    </p>
                                                                                    <p
                                                                                        class="chakra-text css-w6ttxb"
                                                                                    >
                                                                                        Galbani
                                                                                    </p>
                                                                                    <div
                                                                                        class="css-o2ldmt"
                                                                                    >
                                                                                        <div
                                                                                            class="css-zibc0q"
                                                                                        >
                                                                                            <div
                                                                                                class="css-j6qzfh"
                                                                                            >
                                                                                                <b
                                                                                                    class="chakra-text css-1vhzs63"
                                                                                                    >$96.18</b
                                                                                                ><span
                                                                                                    class="chakra-badge css-ff7g47"
                                                                                                    >$3.21/lb</span
                                                                                                >
                                                                                            </div>
                                                                                        </div>
                                                                                    </div>
                                                                                </div>
                                                                            </div>
                                                                        </div></a
                                                                    >
                                                                </div>
                                                            </div>
                                                        </div>
                                                    </div>
                                                    <div
                                                        data-index="27"
                                                        tabindex="-1"
                                                        class="slick-slide slick-cloned"
                                                        aria-hidden="true"
                                                        style="width: 213px"
                                                    >
                                                        <div>
                                                            <div
                                                                tabindex="-1"
                                                                class="css-0"
                                                                style="
                                                                    width: 100%;
                                                                    display: inline-block;
                                                                "
                                                            >
                                                                <div
                                                                    class="p-2 css-0"
                                                                >
                                                                    <a
                                                                        class="chakra-card group css-5pmr4x"
                                                                        role="link"
                                                                        href="/sku/cheese-cream-loaf-philadelphia-6-3-lb-103663/103663"
                                                                        ><div
                                                                            class="chakra-card__body css-1idwstw"
                                                                        >
                                                                            <div
                                                                                class="relative css-1bpq4gx"
                                                                            >
                                                                                <div
                                                                                    class="absolute right-0 z-10 css-0"
                                                                                >
                                                                                    <div
                                                                                        class="css-ckyhk3"
                                                                                    >
                                                                                        <div
                                                                                            role="group"
                                                                                            class="chakra-button__group css-1ind3v2"
                                                                                            data-orientation="horizontal"
                                                                                        >
                                                                                            <button
                                                                                                type="button"
                                                                                                class="chakra-button shadow-elevation-1 css-1lbuwe"
                                                                                                aria-label="Add to cart"
                                                                                            >
                                                                                                <svg
                                                                                                    stroke="currentColor"
                                                                                                    fill="currentColor"
                                                                                                    stroke-width="0"
                                                                                                    viewBox="0 0 16 16"
                                                                                                    focusable="false"
                                                                                                    class="chakra-icon css-6ey7w3"
                                                                                                    aria-hidden="true"
                                                                                                    height="1em"
                                                                                                    width="1em"
                                                                                                    xmlns="http://www.w3.org/2000/svg"
                                                                                                >
                                                                                                    <path
                                                                                                        d="M8 4a.5.5 0 0 1 .5.5v3h3a.5.5 0 0 1 0 1h-3v3a.5.5 0 0 1-1 0v-3h-3a.5.5 0 0 1 0-1h3v-3A.5.5 0 0 1 8 4"
                                                                                                    ></path>
                                                                                                </svg>
                                                                                            </button>
                                                                                        </div>
                                                                                    </div>
                                                                                </div>
                                                                                <div
                                                                                    class="relative h-full css-0"
                                                                                >
                                                                                    <img
                                                                                        alt="Cheese, Cream, Loaf, Philadelphia, (6) 3 Lb - 103663"
                                                                                        decoding="async"
                                                                                        data-nimg="fill"
                                                                                        class="object-contain object-top"
                                                                                        sizes="auto"
                                                                                        srcset="
                                                                                            /_next/image?url=https%3A%2F%2Fd3tlizm80tjdt4.cloudfront.net%2Fimage%2F1544%2Fimage%2Fsm-b2bb50a2b1ae90153c2401ff9f0214df.jpg&amp;w=16&amp;q=50     16w,
                                                                                            /_next/image?url=https%3A%2F%2Fd3tlizm80tjdt4.cloudfront.net%2Fimage%2F1544%2Fimage%2Fsm-b2bb50a2b1ae90153c2401ff9f0214df.jpg&amp;w=32&amp;q=50     32w,
                                                                                            /_next/image?url=https%3A%2F%2Fd3tlizm80tjdt4.cloudfront.net%2Fimage%2F1544%2Fimage%2Fsm-b2bb50a2b1ae90153c2401ff9f0214df.jpg&amp;w=48&amp;q=50     48w,
                                                                                            /_next/image?url=https%3A%2F%2Fd3tlizm80tjdt4.cloudfront.net%2Fimage%2F1544%2Fimage%2Fsm-b2bb50a2b1ae90153c2401ff9f0214df.jpg&amp;w=64&amp;q=50     64w,
                                                                                            /_next/image?url=https%3A%2F%2Fd3tlizm80tjdt4.cloudfront.net%2Fimage%2F1544%2Fimage%2Fsm-b2bb50a2b1ae90153c2401ff9f0214df.jpg&amp;w=96&amp;q=50     96w,
                                                                                            /_next/image?url=https%3A%2F%2Fd3tlizm80tjdt4.cloudfront.net%2Fimage%2F1544%2Fimage%2Fsm-b2bb50a2b1ae90153c2401ff9f0214df.jpg&amp;w=128&amp;q=50   128w,
                                                                                            /_next/image?url=https%3A%2F%2Fd3tlizm80tjdt4.cloudfront.net%2Fimage%2F1544%2Fimage%2Fsm-b2bb50a2b1ae90153c2401ff9f0214df.jpg&amp;w=256&amp;q=50   256w,
                                                                                            /_next/image?url=https%3A%2F%2Fd3tlizm80tjdt4.cloudfront.net%2Fimage%2F1544%2Fimage%2Fsm-b2bb50a2b1ae90153c2401ff9f0214df.jpg&amp;w=384&amp;q=50   384w,
                                                                                            /_next/image?url=https%3A%2F%2Fd3tlizm80tjdt4.cloudfront.net%2Fimage%2F1544%2Fimage%2Fsm-b2bb50a2b1ae90153c2401ff9f0214df.jpg&amp;w=640&amp;q=50   640w,
                                                                                            /_next/image?url=https%3A%2F%2Fd3tlizm80tjdt4.cloudfront.net%2Fimage%2F1544%2Fimage%2Fsm-b2bb50a2b1ae90153c2401ff9f0214df.jpg&amp;w=750&amp;q=50   750w,
                                                                                            /_next/image?url=https%3A%2F%2Fd3tlizm80tjdt4.cloudfront.net%2Fimage%2F1544%2Fimage%2Fsm-b2bb50a2b1ae90153c2401ff9f0214df.jpg&amp;w=828&amp;q=50   828w,
                                                                                            /_next/image?url=https%3A%2F%2Fd3tlizm80tjdt4.cloudfront.net%2Fimage%2F1544%2Fimage%2Fsm-b2bb50a2b1ae90153c2401ff9f0214df.jpg&amp;w=1080&amp;q=50 1080w,
                                                                                            /_next/image?url=https%3A%2F%2Fd3tlizm80tjdt4.cloudfront.net%2Fimage%2F1544%2Fimage%2Fsm-b2bb50a2b1ae90153c2401ff9f0214df.jpg&amp;w=1200&amp;q=50 1200w,
                                                                                            /_next/image?url=https%3A%2F%2Fd3tlizm80tjdt4.cloudfront.net%2Fimage%2F1544%2Fimage%2Fsm-b2bb50a2b1ae90153c2401ff9f0214df.jpg&amp;w=1920&amp;q=50 1920w,
                                                                                            /_next/image?url=https%3A%2F%2Fd3tlizm80tjdt4.cloudfront.net%2Fimage%2F1544%2Fimage%2Fsm-b2bb50a2b1ae90153c2401ff9f0214df.jpg&amp;w=2048&amp;q=50 2048w,
                                                                                            /_next/image?url=https%3A%2F%2Fd3tlizm80tjdt4.cloudfront.net%2Fimage%2F1544%2Fimage%2Fsm-b2bb50a2b1ae90153c2401ff9f0214df.jpg&amp;w=3840&amp;q=50 3840w
                                                                                        "
                                                                                        src="/_next/image?url=https%3A%2F%2Fd3tlizm80tjdt4.cloudfront.net%2Fimage%2F1544%2Fimage%2Fsm-b2bb50a2b1ae90153c2401ff9f0214df.jpg&amp;w=3840&amp;q=50"
                                                                                        style="
                                                                                            position: absolute;
                                                                                            height: 100%;
                                                                                            width: 100%;
                                                                                            inset: 0px;
                                                                                            color: transparent;
                                                                                        "
                                                                                    />
                                                                                </div>
                                                                                <div
                                                                                    class="css-o2ldmt"
                                                                                >
                                                                                    <p
                                                                                        class="chakra-text css-pbtft"
                                                                                    >
                                                                                        Cheese,
                                                                                        Cream,
                                                                                        Loaf,
                                                                                        Philadelphia,
                                                                                        (6)
                                                                                        3
                                                                                        Lb
                                                                                        -
                                                                                        103663
                                                                                    </p>
                                                                                    <p
                                                                                        class="chakra-text css-w6ttxb"
                                                                                    >
                                                                                        Philadelphia
                                                                                    </p>
                                                                                    <div
                                                                                        class="css-o2ldmt"
                                                                                    >
                                                                                        <div
                                                                                            class="css-zibc0q"
                                                                                        >
                                                                                            <div
                                                                                                class="css-j6qzfh"
                                                                                            >
                                                                                                <b
                                                                                                    class="chakra-text css-1vhzs63"
                                                                                                    >$16.13</b
                                                                                                ><span
                                                                                                    class="chakra-badge css-ff7g47"
                                                                                                    >$5.38/lb</span
                                                                                                >
                                                                                            </div>
                                                                                        </div>
                                                                                    </div>
                                                                                </div>
                                                                            </div>
                                                                        </div></a
                                                                    >
                                                                </div>
                                                            </div>
                                                        </div>
                                                    </div>
                                                    <div
                                                        data-index="28"
                                                        tabindex="-1"
                                                        class="slick-slide slick-cloned"
                                                        aria-hidden="true"
                                                        style="width: 213px"
                                                    >
                                                        <div>
                                                            <div
                                                                tabindex="-1"
                                                                class="css-0"
                                                                style="
                                                                    width: 100%;
                                                                    display: inline-block;
                                                                "
                                                            >
                                                                <div
                                                                    class="p-2 css-0"
                                                                >
                                                                    <a
                                                                        class="chakra-card group css-5pmr4x"
                                                                        role="link"
                                                                        href="/sku/cheese-cheddar-medium-loaf-2-5lb-106815/106815"
                                                                        ><div
                                                                            class="chakra-card__body css-1idwstw"
                                                                        >
                                                                            <div
                                                                                class="relative css-1bpq4gx"
                                                                            >
                                                                                <div
                                                                                    class="absolute right-0 z-10 css-0"
                                                                                >
                                                                                    <div
                                                                                        class="css-ckyhk3"
                                                                                    >
                                                                                        <div
                                                                                            role="group"
                                                                                            class="chakra-button__group css-1ind3v2"
                                                                                            data-orientation="horizontal"
                                                                                        >
                                                                                            <button
                                                                                                type="button"
                                                                                                class="chakra-button shadow-elevation-1 css-1lbuwe"
                                                                                                aria-label="Add to cart"
                                                                                            >
                                                                                                <svg
                                                                                                    stroke="currentColor"
                                                                                                    fill="currentColor"
                                                                                                    stroke-width="0"
                                                                                                    viewBox="0 0 16 16"
                                                                                                    focusable="false"
                                                                                                    class="chakra-icon css-6ey7w3"
                                                                                                    aria-hidden="true"
                                                                                                    height="1em"
                                                                                                    width="1em"
                                                                                                    xmlns="http://www.w3.org/2000/svg"
                                                                                                >
                                                                                                    <path
                                                                                                        d="M8 4a.5.5 0 0 1 .5.5v3h3a.5.5 0 0 1 0 1h-3v3a.5.5 0 0 1-1 0v-3h-3a.5.5 0 0 1 0-1h3v-3A.5.5 0 0 1 8 4"
                                                                                                    ></path>
                                                                                                </svg>
                                                                                            </button>
                                                                                        </div>
                                                                                    </div>
                                                                                </div>
                                                                                <div
                                                                                    class="relative h-full css-0"
                                                                                >
                                                                                    <img
                                                                                        alt="Cheese, Cheddar, Medium, Loaf, (2) 5lb - 106815"
                                                                                        decoding="async"
                                                                                        data-nimg="fill"
                                                                                        class="object-contain object-top"
                                                                                        sizes="auto"
                                                                                        srcset="
                                                                                            /_next/image?url=https%3A%2F%2Fd3tlizm80tjdt4.cloudfront.net%2Fimage%2F2254%2Fimage%2Fsm-cd0c941b11ba4b342c17c421fe3e4d95.jpeg&amp;w=16&amp;q=50     16w,
                                                                                            /_next/image?url=https%3A%2F%2Fd3tlizm80tjdt4.cloudfront.net%2Fimage%2F2254%2Fimage%2Fsm-cd0c941b11ba4b342c17c421fe3e4d95.jpeg&amp;w=32&amp;q=50     32w,
                                                                                            /_next/image?url=https%3A%2F%2Fd3tlizm80tjdt4.cloudfront.net%2Fimage%2F2254%2Fimage%2Fsm-cd0c941b11ba4b342c17c421fe3e4d95.jpeg&amp;w=48&amp;q=50     48w,
                                                                                            /_next/image?url=https%3A%2F%2Fd3tlizm80tjdt4.cloudfront.net%2Fimage%2F2254%2Fimage%2Fsm-cd0c941b11ba4b342c17c421fe3e4d95.jpeg&amp;w=64&amp;q=50     64w,
                                                                                            /_next/image?url=https%3A%2F%2Fd3tlizm80tjdt4.cloudfront.net%2Fimage%2F2254%2Fimage%2Fsm-cd0c941b11ba4b342c17c421fe3e4d95.jpeg&amp;w=96&amp;q=50     96w,
                                                                                            /_next/image?url=https%3A%2F%2Fd3tlizm80tjdt4.cloudfront.net%2Fimage%2F2254%2Fimage%2Fsm-cd0c941b11ba4b342c17c421fe3e4d95.jpeg&amp;w=128&amp;q=50   128w,
                                                                                            /_next/image?url=https%3A%2F%2Fd3tlizm80tjdt4.cloudfront.net%2Fimage%2F2254%2Fimage%2Fsm-cd0c941b11ba4b342c17c421fe3e4d95.jpeg&amp;w=256&amp;q=50   256w,
                                                                                            /_next/image?url=https%3A%2F%2Fd3tlizm80tjdt4.cloudfront.net%2Fimage%2F2254%2Fimage%2Fsm-cd0c941b11ba4b342c17c421fe3e4d95.jpeg&amp;w=384&amp;q=50   384w,
                                                                                            /_next/image?url=https%3A%2F%2Fd3tlizm80tjdt4.cloudfront.net%2Fimage%2F2254%2Fimage%2Fsm-cd0c941b11ba4b342c17c421fe3e4d95.jpeg&amp;w=640&amp;q=50   640w,
                                                                                            /_next/image?url=https%3A%2F%2Fd3tlizm80tjdt4.cloudfront.net%2Fimage%2F2254%2Fimage%2Fsm-cd0c941b11ba4b342c17c421fe3e4d95.jpeg&amp;w=750&amp;q=50   750w,
                                                                                            /_next/image?url=https%3A%2F%2Fd3tlizm80tjdt4.cloudfront.net%2Fimage%2F2254%2Fimage%2Fsm-cd0c941b11ba4b342c17c421fe3e4d95.jpeg&amp;w=828&amp;q=50   828w,
                                                                                            /_next/image?url=https%3A%2F%2Fd3tlizm80tjdt4.cloudfront.net%2Fimage%2F2254%2Fimage%2Fsm-cd0c941b11ba4b342c17c421fe3e4d95.jpeg&amp;w=1080&amp;q=50 1080w,
                                                                                            /_next/image?url=https%3A%2F%2Fd3tlizm80tjdt4.cloudfront.net%2Fimage%2F2254%2Fimage%2Fsm-cd0c941b11ba4b342c17c421fe3e4d95.jpeg&amp;w=1200&amp;q=50 1200w,
                                                                                            /_next/image?url=https%3A%2F%2Fd3tlizm80tjdt4.cloudfront.net%2Fimage%2F2254%2Fimage%2Fsm-cd0c941b11ba4b342c17c421fe3e4d95.jpeg&amp;w=1920&amp;q=50 1920w,
                                                                                            /_next/image?url=https%3A%2F%2Fd3tlizm80tjdt4.cloudfront.net%2Fimage%2F2254%2Fimage%2Fsm-cd0c941b11ba4b342c17c421fe3e4d95.jpeg&amp;w=2048&amp;q=50 2048w,
                                                                                            /_next/image?url=https%3A%2F%2Fd3tlizm80tjdt4.cloudfront.net%2Fimage%2F2254%2Fimage%2Fsm-cd0c941b11ba4b342c17c421fe3e4d95.jpeg&amp;w=3840&amp;q=50 3840w
                                                                                        "
                                                                                        src="/_next/image?url=https%3A%2F%2Fd3tlizm80tjdt4.cloudfront.net%2Fimage%2F2254%2Fimage%2Fsm-cd0c941b11ba4b342c17c421fe3e4d95.jpeg&amp;w=3840&amp;q=50"
                                                                                        style="
                                                                                            position: absolute;
                                                                                            height: 100%;
                                                                                            width: 100%;
                                                                                            inset: 0px;
                                                                                            color: transparent;
                                                                                        "
                                                                                    />
                                                                                </div>
                                                                                <div
                                                                                    class="css-o2ldmt"
                                                                                >
                                                                                    <p
                                                                                        class="chakra-text css-pbtft"
                                                                                    >
                                                                                        Cheese,
                                                                                        Cheddar,
                                                                                        Medium,
                                                                                        Loaf,
                                                                                        (2)
                                                                                        5lb
                                                                                        -
                                                                                        106815
                                                                                    </p>
                                                                                    <p
                                                                                        class="chakra-text css-w6ttxb"
                                                                                    >
                                                                                        Tillamook
                                                                                    </p>
                                                                                    <div
                                                                                        class="css-o2ldmt"
                                                                                    >
                                                                                        <div
                                                                                            class="css-zibc0q"
                                                                                        >
                                                                                            <div
                                                                                                class="css-j6qzfh"
                                                                                            >
                                                                                                <b
                                                                                                    class="chakra-text css-1vhzs63"
                                                                                                    >$30.08</b
                                                                                                ><span
                                                                                                    class="chakra-badge css-ff7g47"
                                                                                                    >$6.02/lb</span
                                                                                                >
                                                                                            </div>
                                                                                        </div>
                                                                                    </div>
                                                                                </div>
                                                                            </div>
                                                                        </div></a
                                                                    >
                                                                </div>
                                                            </div>
                                                        </div>
                                                    </div>
                                                    <div
                                                        data-index="29"
                                                        tabindex="-1"
                                                        class="slick-slide slick-cloned"
                                                        aria-hidden="true"
                                                        style="width: 213px"
                                                    >
                                                        <div>
                                                            <div
                                                                tabindex="-1"
                                                                class="css-0"
                                                                style="
                                                                    width: 100%;
                                                                    display: inline-block;
                                                                "
                                                            >
                                                                <div
                                                                    class="p-2 css-0"
                                                                >
                                                                    <a
                                                                        class="chakra-card group css-5pmr4x"
                                                                        role="link"
                                                                        href="/sku/cheese-monterey-jack-sliced-8-15-lb-103599/103599"
                                                                        ><div
                                                                            class="chakra-card__body css-1idwstw"
                                                                        >
                                                                            <div
                                                                                class="relative css-1bpq4gx"
                                                                            >
                                                                                <div
                                                                                    class="absolute right-0 z-10 css-0"
                                                                                >
                                                                                    <div
                                                                                        class="css-ckyhk3"
                                                                                    >
                                                                                        <div
                                                                                            role="group"
                                                                                            class="chakra-button__group css-1ind3v2"
                                                                                            data-orientation="horizontal"
                                                                                        >
                                                                                            <button
                                                                                                type="button"
                                                                                                class="chakra-button shadow-elevation-1 css-1lbuwe"
                                                                                                aria-label="Add to cart"
                                                                                            >
                                                                                                <svg
                                                                                                    stroke="currentColor"
                                                                                                    fill="currentColor"
                                                                                                    stroke-width="0"
                                                                                                    viewBox="0 0 16 16"
                                                                                                    focusable="false"
                                                                                                    class="chakra-icon css-6ey7w3"
                                                                                                    aria-hidden="true"
                                                                                                    height="1em"
                                                                                                    width="1em"
                                                                                                    xmlns="http://www.w3.org/2000/svg"
                                                                                                >
                                                                                                    <path
                                                                                                        d="M8 4a.5.5 0 0 1 .5.5v3h3a.5.5 0 0 1 0 1h-3v3a.5.5 0 0 1-1 0v-3h-3a.5.5 0 0 1 0-1h3v-3A.5.5 0 0 1 8 4"
                                                                                                    ></path>
                                                                                                </svg>
                                                                                            </button>
                                                                                        </div>
                                                                                    </div>
                                                                                </div>
                                                                                <div
                                                                                    class="relative h-full css-0"
                                                                                >
                                                                                    <img
                                                                                        alt="Cheese, Monterey Jack, Sliced, (8) 1.5 Lb - 103599"
                                                                                        decoding="async"
                                                                                        data-nimg="fill"
                                                                                        class="object-contain object-top"
                                                                                        sizes="auto"
                                                                                        srcset="
                                                                                            /_next/image?url=https%3A%2F%2Fd3tlizm80tjdt4.cloudfront.net%2Fimage%2F9201%2Fimage%2Fsm-4b09eacd768b0bf3bc71bca949fe2915.jpg&amp;w=16&amp;q=50     16w,
                                                                                            /_next/image?url=https%3A%2F%2Fd3tlizm80tjdt4.cloudfront.net%2Fimage%2F9201%2Fimage%2Fsm-4b09eacd768b0bf3bc71bca949fe2915.jpg&amp;w=32&amp;q=50     32w,
                                                                                            /_next/image?url=https%3A%2F%2Fd3tlizm80tjdt4.cloudfront.net%2Fimage%2F9201%2Fimage%2Fsm-4b09eacd768b0bf3bc71bca949fe2915.jpg&amp;w=48&amp;q=50     48w,
                                                                                            /_next/image?url=https%3A%2F%2Fd3tlizm80tjdt4.cloudfront.net%2Fimage%2F9201%2Fimage%2Fsm-4b09eacd768b0bf3bc71bca949fe2915.jpg&amp;w=64&amp;q=50     64w,
                                                                                            /_next/image?url=https%3A%2F%2Fd3tlizm80tjdt4.cloudfront.net%2Fimage%2F9201%2Fimage%2Fsm-4b09eacd768b0bf3bc71bca949fe2915.jpg&amp;w=96&amp;q=50     96w,
                                                                                            /_next/image?url=https%3A%2F%2Fd3tlizm80tjdt4.cloudfront.net%2Fimage%2F9201%2Fimage%2Fsm-4b09eacd768b0bf3bc71bca949fe2915.jpg&amp;w=128&amp;q=50   128w,
                                                                                            /_next/image?url=https%3A%2F%2Fd3tlizm80tjdt4.cloudfront.net%2Fimage%2F9201%2Fimage%2Fsm-4b09eacd768b0bf3bc71bca949fe2915.jpg&amp;w=256&amp;q=50   256w,
                                                                                            /_next/image?url=https%3A%2F%2Fd3tlizm80tjdt4.cloudfront.net%2Fimage%2F9201%2Fimage%2Fsm-4b09eacd768b0bf3bc71bca949fe2915.jpg&amp;w=384&amp;q=50   384w,
                                                                                            /_next/image?url=https%3A%2F%2Fd3tlizm80tjdt4.cloudfront.net%2Fimage%2F9201%2Fimage%2Fsm-4b09eacd768b0bf3bc71bca949fe2915.jpg&amp;w=640&amp;q=50   640w,
                                                                                            /_next/image?url=https%3A%2F%2Fd3tlizm80tjdt4.cloudfront.net%2Fimage%2F9201%2Fimage%2Fsm-4b09eacd768b0bf3bc71bca949fe2915.jpg&amp;w=750&amp;q=50   750w,
                                                                                            /_next/image?url=https%3A%2F%2Fd3tlizm80tjdt4.cloudfront.net%2Fimage%2F9201%2Fimage%2Fsm-4b09eacd768b0bf3bc71bca949fe2915.jpg&amp;w=828&amp;q=50   828w,
                                                                                            /_next/image?url=https%3A%2F%2Fd3tlizm80tjdt4.cloudfront.net%2Fimage%2F9201%2Fimage%2Fsm-4b09eacd768b0bf3bc71bca949fe2915.jpg&amp;w=1080&amp;q=50 1080w,
                                                                                            /_next/image?url=https%3A%2F%2Fd3tlizm80tjdt4.cloudfront.net%2Fimage%2F9201%2Fimage%2Fsm-4b09eacd768b0bf3bc71bca949fe2915.jpg&amp;w=1200&amp;q=50 1200w,
                                                                                            /_next/image?url=https%3A%2F%2Fd3tlizm80tjdt4.cloudfront.net%2Fimage%2F9201%2Fimage%2Fsm-4b09eacd768b0bf3bc71bca949fe2915.jpg&amp;w=1920&amp;q=50 1920w,
                                                                                            /_next/image?url=https%3A%2F%2Fd3tlizm80tjdt4.cloudfront.net%2Fimage%2F9201%2Fimage%2Fsm-4b09eacd768b0bf3bc71bca949fe2915.jpg&amp;w=2048&amp;q=50 2048w,
                                                                                            /_next/image?url=https%3A%2F%2Fd3tlizm80tjdt4.cloudfront.net%2Fimage%2F9201%2Fimage%2Fsm-4b09eacd768b0bf3bc71bca949fe2915.jpg&amp;w=3840&amp;q=50 3840w
                                                                                        "
                                                                                        src="/_next/image?url=https%3A%2F%2Fd3tlizm80tjdt4.cloudfront.net%2Fimage%2F9201%2Fimage%2Fsm-4b09eacd768b0bf3bc71bca949fe2915.jpg&amp;w=3840&amp;q=50"
                                                                                        style="
                                                                                            position: absolute;
                                                                                            height: 100%;
                                                                                            width: 100%;
                                                                                            inset: 0px;
                                                                                            color: transparent;
                                                                                        "
                                                                                    />
                                                                                </div>
                                                                                <div
                                                                                    class="css-o2ldmt"
                                                                                >
                                                                                    <p
                                                                                        class="chakra-text css-pbtft"
                                                                                    >
                                                                                        Cheese,
                                                                                        Monterey
                                                                                        Jack,
                                                                                        Sliced,
                                                                                        (8)
                                                                                        1.5
                                                                                        Lb
                                                                                        -
                                                                                        103599
                                                                                    </p>
                                                                                    <p
                                                                                        class="chakra-text css-w6ttxb"
                                                                                    >
                                                                                        Cheese
                                                                                        Crafters
                                                                                    </p>
                                                                                    <div
                                                                                        class="css-o2ldmt"
                                                                                    >
                                                                                        <div
                                                                                            class="css-zibc0q"
                                                                                        >
                                                                                            <div
                                                                                                class="css-j6qzfh"
                                                                                            >
                                                                                                <b
                                                                                                    class="chakra-text css-1vhzs63"
                                                                                                    >$5.97</b
                                                                                                ><span
                                                                                                    class="chakra-badge css-ff7g47"
                                                                                                    >$3.98/lb</span
                                                                                                >
                                                                                            </div>
                                                                                        </div>
                                                                                    </div>
                                                                                </div>
                                                                            </div>
                                                                        </div></a
                                                                    >
                                                                </div>
                                                            </div>
                                                        </div>
                                                    </div>
                                                    <div
                                                        data-index="30"
                                                        tabindex="-1"
                                                        class="slick-slide slick-cloned"
                                                        aria-hidden="true"
                                                        style="width: 213px"
                                                    >
                                                        <div>
                                                            <div
                                                                tabindex="-1"
                                                                class="css-0"
                                                                style="
                                                                    width: 100%;
                                                                    display: inline-block;
                                                                "
                                                            >
                                                                <div
                                                                    class="p-2 css-0"
                                                                >
                                                                    <a
                                                                        class="chakra-card group css-5pmr4x"
                                                                        role="link"
                                                                        href="/sku/cheese-pepper-jack-loaf-8-103672/103672"
                                                                        ><div
                                                                            class="chakra-card__body css-1idwstw"
                                                                        >
                                                                            <div
                                                                                class="relative css-1bpq4gx"
                                                                            >
                                                                                <div
                                                                                    class="absolute right-0 z-10 css-0"
                                                                                >
                                                                                    <div
                                                                                        class="css-ckyhk3"
                                                                                    >
                                                                                        <div
                                                                                            role="group"
                                                                                            class="chakra-button__group css-1ind3v2"
                                                                                            data-orientation="horizontal"
                                                                                        >
                                                                                            <button
                                                                                                type="button"
                                                                                                class="chakra-button shadow-elevation-1 css-1lbuwe"
                                                                                                aria-label="Add to cart"
                                                                                            >
                                                                                                <svg
                                                                                                    stroke="currentColor"
                                                                                                    fill="currentColor"
                                                                                                    stroke-width="0"
                                                                                                    viewBox="0 0 16 16"
                                                                                                    focusable="false"
                                                                                                    class="chakra-icon css-6ey7w3"
                                                                                                    aria-hidden="true"
                                                                                                    height="1em"
                                                                                                    width="1em"
                                                                                                    xmlns="http://www.w3.org/2000/svg"
                                                                                                >
                                                                                                    <path
                                                                                                        d="M8 4a.5.5 0 0 1 .5.5v3h3a.5.5 0 0 1 0 1h-3v3a.5.5 0 0 1-1 0v-3h-3a.5.5 0 0 1 0-1h3v-3A.5.5 0 0 1 8 4"
                                                                                                    ></path>
                                                                                                </svg>
                                                                                            </button>
                                                                                        </div>
                                                                                    </div>
                                                                                </div>
                                                                                <div
                                                                                    class="relative h-full css-0"
                                                                                >
                                                                                    <img
                                                                                        alt="Cheese, Pepper Jack, Loaf (8) 103672"
                                                                                        decoding="async"
                                                                                        data-nimg="fill"
                                                                                        class="object-contain object-top"
                                                                                        sizes="auto"
                                                                                        srcset="
                                                                                            /_next/image?url=https%3A%2F%2Fd3tlizm80tjdt4.cloudfront.net%2Fimage%2F15256%2Fimage%2Fsm-6c299387672a8119d43997e98fcbcfc1.png&amp;w=16&amp;q=50     16w,
                                                                                            /_next/image?url=https%3A%2F%2Fd3tlizm80tjdt4.cloudfront.net%2Fimage%2F15256%2Fimage%2Fsm-6c299387672a8119d43997e98fcbcfc1.png&amp;w=32&amp;q=50     32w,
                                                                                            /_next/image?url=https%3A%2F%2Fd3tlizm80tjdt4.cloudfront.net%2Fimage%2F15256%2Fimage%2Fsm-6c299387672a8119d43997e98fcbcfc1.png&amp;w=48&amp;q=50     48w,
                                                                                            /_next/image?url=https%3A%2F%2Fd3tlizm80tjdt4.cloudfront.net%2Fimage%2F15256%2Fimage%2Fsm-6c299387672a8119d43997e98fcbcfc1.png&amp;w=64&amp;q=50     64w,
                                                                                            /_next/image?url=https%3A%2F%2Fd3tlizm80tjdt4.cloudfront.net%2Fimage%2F15256%2Fimage%2Fsm-6c299387672a8119d43997e98fcbcfc1.png&amp;w=96&amp;q=50     96w,
                                                                                            /_next/image?url=https%3A%2F%2Fd3tlizm80tjdt4.cloudfront.net%2Fimage%2F15256%2Fimage%2Fsm-6c299387672a8119d43997e98fcbcfc1.png&amp;w=128&amp;q=50   128w,
                                                                                            /_next/image?url=https%3A%2F%2Fd3tlizm80tjdt4.cloudfront.net%2Fimage%2F15256%2Fimage%2Fsm-6c299387672a8119d43997e98fcbcfc1.png&amp;w=256&amp;q=50   256w,
                                                                                            /_next/image?url=https%3A%2F%2Fd3tlizm80tjdt4.cloudfront.net%2Fimage%2F15256%2Fimage%2Fsm-6c299387672a8119d43997e98fcbcfc1.png&amp;w=384&amp;q=50   384w,
                                                                                            /_next/image?url=https%3A%2F%2Fd3tlizm80tjdt4.cloudfront.net%2Fimage%2F15256%2Fimage%2Fsm-6c299387672a8119d43997e98fcbcfc1.png&amp;w=640&amp;q=50   640w,
                                                                                            /_next/image?url=https%3A%2F%2Fd3tlizm80tjdt4.cloudfront.net%2Fimage%2F15256%2Fimage%2Fsm-6c299387672a8119d43997e98fcbcfc1.png&amp;w=750&amp;q=50   750w,
                                                                                            /_next/image?url=https%3A%2F%2Fd3tlizm80tjdt4.cloudfront.net%2Fimage%2F15256%2Fimage%2Fsm-6c299387672a8119d43997e98fcbcfc1.png&amp;w=828&amp;q=50   828w,
                                                                                            /_next/image?url=https%3A%2F%2Fd3tlizm80tjdt4.cloudfront.net%2Fimage%2F15256%2Fimage%2Fsm-6c299387672a8119d43997e98fcbcfc1.png&amp;w=1080&amp;q=50 1080w,
                                                                                            /_next/image?url=https%3A%2F%2Fd3tlizm80tjdt4.cloudfront.net%2Fimage%2F15256%2Fimage%2Fsm-6c299387672a8119d43997e98fcbcfc1.png&amp;w=1200&amp;q=50 1200w,
                                                                                            /_next/image?url=https%3A%2F%2Fd3tlizm80tjdt4.cloudfront.net%2Fimage%2F15256%2Fimage%2Fsm-6c299387672a8119d43997e98fcbcfc1.png&amp;w=1920&amp;q=50 1920w,
                                                                                            /_next/image?url=https%3A%2F%2Fd3tlizm80tjdt4.cloudfront.net%2Fimage%2F15256%2Fimage%2Fsm-6c299387672a8119d43997e98fcbcfc1.png&amp;w=2048&amp;q=50 2048w,
                                                                                            /_next/image?url=https%3A%2F%2Fd3tlizm80tjdt4.cloudfront.net%2Fimage%2F15256%2Fimage%2Fsm-6c299387672a8119d43997e98fcbcfc1.png&amp;w=3840&amp;q=50 3840w
                                                                                        "
                                                                                        src="/_next/image?url=https%3A%2F%2Fd3tlizm80tjdt4.cloudfront.net%2Fimage%2F15256%2Fimage%2Fsm-6c299387672a8119d43997e98fcbcfc1.png&amp;w=3840&amp;q=50"
                                                                                        style="
                                                                                            position: absolute;
                                                                                            height: 100%;
                                                                                            width: 100%;
                                                                                            inset: 0px;
                                                                                            color: transparent;
                                                                                        "
                                                                                    />
                                                                                </div>
                                                                                <div
                                                                                    class="css-o2ldmt"
                                                                                >
                                                                                    <p
                                                                                        class="chakra-text css-pbtft"
                                                                                    >
                                                                                        Cheese,
                                                                                        Pepper
                                                                                        Jack,
                                                                                        Loaf
                                                                                        (8)
                                                                                        103672
                                                                                    </p>
                                                                                    <p
                                                                                        class="chakra-text css-w6ttxb"
                                                                                    >
                                                                                        Cheswick
                                                                                    </p>
                                                                                    <div
                                                                                        class="css-o2ldmt"
                                                                                    >
                                                                                        <div
                                                                                            class="css-zibc0q"
                                                                                        >
                                                                                            <div
                                                                                                class="css-j6qzfh"
                                                                                            >
                                                                                                <b
                                                                                                    class="chakra-text css-1vhzs63"
                                                                                                    >$17.47</b
                                                                                                ><span
                                                                                                    class="chakra-badge css-ff7g47"
                                                                                                    >$3.49/lb</span
                                                                                                >
                                                                                            </div>
                                                                                        </div>
                                                                                    </div>
                                                                                </div>
                                                                            </div>
                                                                        </div></a
                                                                    >
                                                                </div>
                                                            </div>
                                                        </div>
                                                    </div>
                                                    <div
                                                        data-index="31"
                                                        tabindex="-1"
                                                        class="slick-slide slick-cloned"
                                                        aria-hidden="true"
                                                        style="width: 213px"
                                                    >
                                                        <div>
                                                            <div
                                                                tabindex="-1"
                                                                class="css-0"
                                                                style="
                                                                    width: 100%;
                                                                    display: inline-block;
                                                                "
                                                            >
                                                                <div
                                                                    class="p-2 css-0"
                                                                >
                                                                    <a
                                                                        class="chakra-card group css-5pmr4x"
                                                                        role="link"
                                                                        href="/sku/cheese-shredded-jack-cheddar-blend-fancy-4-5-lb-103664/103664"
                                                                        ><div
                                                                            class="chakra-card__body css-1idwstw"
                                                                        >
                                                                            <div
                                                                                class="relative css-1bpq4gx"
                                                                            >
                                                                                <div
                                                                                    class="absolute right-0 z-10 css-0"
                                                                                >
                                                                                    <div
                                                                                        class="css-ckyhk3"
                                                                                    >
                                                                                        <div
                                                                                            role="group"
                                                                                            class="chakra-button__group css-1ind3v2"
                                                                                            data-orientation="horizontal"
                                                                                        >
                                                                                            <button
                                                                                                type="button"
                                                                                                class="chakra-button shadow-elevation-1 css-1lbuwe"
                                                                                                aria-label="Add to cart"
                                                                                            >
                                                                                                <svg
                                                                                                    stroke="currentColor"
                                                                                                    fill="currentColor"
                                                                                                    stroke-width="0"
                                                                                                    viewBox="0 0 16 16"
                                                                                                    focusable="false"
                                                                                                    class="chakra-icon css-6ey7w3"
                                                                                                    aria-hidden="true"
                                                                                                    height="1em"
                                                                                                    width="1em"
                                                                                                    xmlns="http://www.w3.org/2000/svg"
                                                                                                >
                                                                                                    <path
                                                                                                        d="M8 4a.5.5 0 0 1 .5.5v3h3a.5.5 0 0 1 0 1h-3v3a.5.5 0 0 1-1 0v-3h-3a.5.5 0 0 1 0-1h3v-3A.5.5 0 0 1 8 4"
                                                                                                    ></path>
                                                                                                </svg>
                                                                                            </button>
                                                                                        </div>
                                                                                    </div>
                                                                                </div>
                                                                                <div
                                                                                    class="relative h-full css-0"
                                                                                >
                                                                                    <img
                                                                                        alt="Cheese, Shredded, Jack &amp; Cheddar Blend, Fancy, (4) 5 Lb - 103664"
                                                                                        decoding="async"
                                                                                        data-nimg="fill"
                                                                                        class="object-contain object-top"
                                                                                        sizes="auto"
                                                                                        srcset="
                                                                                            /_next/image?url=https%3A%2F%2Fd3tlizm80tjdt4.cloudfront.net%2Fremote_images%2Fimage%2F7672%2Fsmall%2F63a1d4191c5e3258376922c1599c780ef012ec6bf3828fa409.jpg&amp;w=16&amp;q=50     16w,
                                                                                            /_next/image?url=https%3A%2F%2Fd3tlizm80tjdt4.cloudfront.net%2Fremote_images%2Fimage%2F7672%2Fsmall%2F63a1d4191c5e3258376922c1599c780ef012ec6bf3828fa409.jpg&amp;w=32&amp;q=50     32w,
                                                                                            /_next/image?url=https%3A%2F%2Fd3tlizm80tjdt4.cloudfront.net%2Fremote_images%2Fimage%2F7672%2Fsmall%2F63a1d4191c5e3258376922c1599c780ef012ec6bf3828fa409.jpg&amp;w=48&amp;q=50     48w,
                                                                                            /_next/image?url=https%3A%2F%2Fd3tlizm80tjdt4.cloudfront.net%2Fremote_images%2Fimage%2F7672%2Fsmall%2F63a1d4191c5e3258376922c1599c780ef012ec6bf3828fa409.jpg&amp;w=64&amp;q=50     64w,
                                                                                            /_next/image?url=https%3A%2F%2Fd3tlizm80tjdt4.cloudfront.net%2Fremote_images%2Fimage%2F7672%2Fsmall%2F63a1d4191c5e3258376922c1599c780ef012ec6bf3828fa409.jpg&amp;w=96&amp;q=50     96w,
                                                                                            /_next/image?url=https%3A%2F%2Fd3tlizm80tjdt4.cloudfront.net%2Fremote_images%2Fimage%2F7672%2Fsmall%2F63a1d4191c5e3258376922c1599c780ef012ec6bf3828fa409.jpg&amp;w=128&amp;q=50   128w,
                                                                                            /_next/image?url=https%3A%2F%2Fd3tlizm80tjdt4.cloudfront.net%2Fremote_images%2Fimage%2F7672%2Fsmall%2F63a1d4191c5e3258376922c1599c780ef012ec6bf3828fa409.jpg&amp;w=256&amp;q=50   256w,
                                                                                            /_next/image?url=https%3A%2F%2Fd3tlizm80tjdt4.cloudfront.net%2Fremote_images%2Fimage%2F7672%2Fsmall%2F63a1d4191c5e3258376922c1599c780ef012ec6bf3828fa409.jpg&amp;w=384&amp;q=50   384w,
                                                                                            /_next/image?url=https%3A%2F%2Fd3tlizm80tjdt4.cloudfront.net%2Fremote_images%2Fimage%2F7672%2Fsmall%2F63a1d4191c5e3258376922c1599c780ef012ec6bf3828fa409.jpg&amp;w=640&amp;q=50   640w,
                                                                                            /_next/image?url=https%3A%2F%2Fd3tlizm80tjdt4.cloudfront.net%2Fremote_images%2Fimage%2F7672%2Fsmall%2F63a1d4191c5e3258376922c1599c780ef012ec6bf3828fa409.jpg&amp;w=750&amp;q=50   750w,
                                                                                            /_next/image?url=https%3A%2F%2Fd3tlizm80tjdt4.cloudfront.net%2Fremote_images%2Fimage%2F7672%2Fsmall%2F63a1d4191c5e3258376922c1599c780ef012ec6bf3828fa409.jpg&amp;w=828&amp;q=50   828w,
                                                                                            /_next/image?url=https%3A%2F%2Fd3tlizm80tjdt4.cloudfront.net%2Fremote_images%2Fimage%2F7672%2Fsmall%2F63a1d4191c5e3258376922c1599c780ef012ec6bf3828fa409.jpg&amp;w=1080&amp;q=50 1080w,
                                                                                            /_next/image?url=https%3A%2F%2Fd3tlizm80tjdt4.cloudfront.net%2Fremote_images%2Fimage%2F7672%2Fsmall%2F63a1d4191c5e3258376922c1599c780ef012ec6bf3828fa409.jpg&amp;w=1200&amp;q=50 1200w,
                                                                                            /_next/image?url=https%3A%2F%2Fd3tlizm80tjdt4.cloudfront.net%2Fremote_images%2Fimage%2F7672%2Fsmall%2F63a1d4191c5e3258376922c1599c780ef012ec6bf3828fa409.jpg&amp;w=1920&amp;q=50 1920w,
                                                                                            /_next/image?url=https%3A%2F%2Fd3tlizm80tjdt4.cloudfront.net%2Fremote_images%2Fimage%2F7672%2Fsmall%2F63a1d4191c5e3258376922c1599c780ef012ec6bf3828fa409.jpg&amp;w=2048&amp;q=50 2048w,
                                                                                            /_next/image?url=https%3A%2F%2Fd3tlizm80tjdt4.cloudfront.net%2Fremote_images%2Fimage%2F7672%2Fsmall%2F63a1d4191c5e3258376922c1599c780ef012ec6bf3828fa409.jpg&amp;w=3840&amp;q=50 3840w
                                                                                        "
                                                                                        src="/_next/image?url=https%3A%2F%2Fd3tlizm80tjdt4.cloudfront.net%2Fremote_images%2Fimage%2F7672%2Fsmall%2F63a1d4191c5e3258376922c1599c780ef012ec6bf3828fa409.jpg&amp;w=3840&amp;q=50"
                                                                                        style="
                                                                                            position: absolute;
                                                                                            height: 100%;
                                                                                            width: 100%;
                                                                                            inset: 0px;
                                                                                            color: transparent;
                                                                                        "
                                                                                    />
                                                                                </div>
                                                                                <div
                                                                                    class="css-o2ldmt"
                                                                                >
                                                                                    <p
                                                                                        class="chakra-text css-pbtft"
                                                                                    >
                                                                                        Cheese,
                                                                                        Shredded,
                                                                                        Jack
                                                                                        &amp;
                                                                                        Cheddar
                                                                                        Blend,
                                                                                        Fancy,
                                                                                        (4)
                                                                                        5
                                                                                        Lb
                                                                                        -
                                                                                        103664
                                                                                    </p>
                                                                                    <p
                                                                                        class="chakra-text css-w6ttxb"
                                                                                    >
                                                                                        Packer
                                                                                    </p>
                                                                                    <div
                                                                                        class="css-o2ldmt"
                                                                                    >
                                                                                        <div
                                                                                            class="css-zibc0q"
                                                                                        >
                                                                                            <div
                                                                                                class="css-j6qzfh"
                                                                                            >
                                                                                                <b
                                                                                                    class="chakra-text css-1vhzs63"
                                                                                                    >$14.71</b
                                                                                                ><span
                                                                                                    class="chakra-badge css-ff7g47"
                                                                                                    >$2.94/lb</span
                                                                                                >
                                                                                            </div>
                                                                                        </div>
                                                                                    </div>
                                                                                </div>
                                                                            </div>
                                                                        </div></a
                                                                    >
                                                                </div>
                                                            </div>
                                                        </div>
                                                    </div>
                                                    <div
                                                        data-index="32"
                                                        tabindex="-1"
                                                        class="slick-slide slick-cloned"
                                                        aria-hidden="true"
                                                        style="width: 213px"
                                                    >
                                                        <div>
                                                            <div
                                                                tabindex="-1"
                                                                class="css-0"
                                                                style="
                                                                    width: 100%;
                                                                    display: inline-block;
                                                                "
                                                            >
                                                                <div
                                                                    class="p-2 css-0"
                                                                >
                                                                    <a
                                                                        class="chakra-card group css-5pmr4x"
                                                                        role="link"
                                                                        href="/sku/cheese-cheddar-mild-loaf-8-5-lb-103670/103670"
                                                                        ><div
                                                                            class="chakra-card__body css-1idwstw"
                                                                        >
                                                                            <div
                                                                                class="relative css-1bpq4gx"
                                                                            >
                                                                                <div
                                                                                    class="absolute right-0 z-10 css-0"
                                                                                >
                                                                                    <div
                                                                                        class="css-ckyhk3"
                                                                                    >
                                                                                        <div
                                                                                            role="group"
                                                                                            class="chakra-button__group css-1ind3v2"
                                                                                            data-orientation="horizontal"
                                                                                        >
                                                                                            <button
                                                                                                type="button"
                                                                                                class="chakra-button shadow-elevation-1 css-1lbuwe"
                                                                                                aria-label="Add to cart"
                                                                                            >
                                                                                                <svg
                                                                                                    stroke="currentColor"
                                                                                                    fill="currentColor"
                                                                                                    stroke-width="0"
                                                                                                    viewBox="0 0 16 16"
                                                                                                    focusable="false"
                                                                                                    class="chakra-icon css-6ey7w3"
                                                                                                    aria-hidden="true"
                                                                                                    height="1em"
                                                                                                    width="1em"
                                                                                                    xmlns="http://www.w3.org/2000/svg"
                                                                                                >
                                                                                                    <path
                                                                                                        d="M8 4a.5.5 0 0 1 .5.5v3h3a.5.5 0 0 1 0 1h-3v3a.5.5 0 0 1-1 0v-3h-3a.5.5 0 0 1 0-1h3v-3A.5.5 0 0 1 8 4"
                                                                                                    ></path>
                                                                                                </svg>
                                                                                            </button>
                                                                                        </div>
                                                                                    </div>
                                                                                </div>
                                                                                <div
                                                                                    class="relative h-full css-0"
                                                                                >
                                                                                    <img
                                                                                        alt="Cheese, Cheddar, Mild, Loaf, (8) 5 Lb - 103670"
                                                                                        decoding="async"
                                                                                        data-nimg="fill"
                                                                                        class="object-contain object-top"
                                                                                        sizes="auto"
                                                                                        srcset="
                                                                                            /_next/image?url=https%3A%2F%2Fd3tlizm80tjdt4.cloudfront.net%2Fimage%2F11595%2Fimage%2Fsm-a149c106d663df481f081d8fa47bcf0f.jpeg&amp;w=16&amp;q=50     16w,
                                                                                            /_next/image?url=https%3A%2F%2Fd3tlizm80tjdt4.cloudfront.net%2Fimage%2F11595%2Fimage%2Fsm-a149c106d663df481f081d8fa47bcf0f.jpeg&amp;w=32&amp;q=50     32w,
                                                                                            /_next/image?url=https%3A%2F%2Fd3tlizm80tjdt4.cloudfront.net%2Fimage%2F11595%2Fimage%2Fsm-a149c106d663df481f081d8fa47bcf0f.jpeg&amp;w=48&amp;q=50     48w,
                                                                                            /_next/image?url=https%3A%2F%2Fd3tlizm80tjdt4.cloudfront.net%2Fimage%2F11595%2Fimage%2Fsm-a149c106d663df481f081d8fa47bcf0f.jpeg&amp;w=64&amp;q=50     64w,
                                                                                            /_next/image?url=https%3A%2F%2Fd3tlizm80tjdt4.cloudfront.net%2Fimage%2F11595%2Fimage%2Fsm-a149c106d663df481f081d8fa47bcf0f.jpeg&amp;w=96&amp;q=50     96w,
                                                                                            /_next/image?url=https%3A%2F%2Fd3tlizm80tjdt4.cloudfront.net%2Fimage%2F11595%2Fimage%2Fsm-a149c106d663df481f081d8fa47bcf0f.jpeg&amp;w=128&amp;q=50   128w,
                                                                                            /_next/image?url=https%3A%2F%2Fd3tlizm80tjdt4.cloudfront.net%2Fimage%2F11595%2Fimage%2Fsm-a149c106d663df481f081d8fa47bcf0f.jpeg&amp;w=256&amp;q=50   256w,
                                                                                            /_next/image?url=https%3A%2F%2Fd3tlizm80tjdt4.cloudfront.net%2Fimage%2F11595%2Fimage%2Fsm-a149c106d663df481f081d8fa47bcf0f.jpeg&amp;w=384&amp;q=50   384w,
                                                                                            /_next/image?url=https%3A%2F%2Fd3tlizm80tjdt4.cloudfront.net%2Fimage%2F11595%2Fimage%2Fsm-a149c106d663df481f081d8fa47bcf0f.jpeg&amp;w=640&amp;q=50   640w,
                                                                                            /_next/image?url=https%3A%2F%2Fd3tlizm80tjdt4.cloudfront.net%2Fimage%2F11595%2Fimage%2Fsm-a149c106d663df481f081d8fa47bcf0f.jpeg&amp;w=750&amp;q=50   750w,
                                                                                            /_next/image?url=https%3A%2F%2Fd3tlizm80tjdt4.cloudfront.net%2Fimage%2F11595%2Fimage%2Fsm-a149c106d663df481f081d8fa47bcf0f.jpeg&amp;w=828&amp;q=50   828w,
                                                                                            /_next/image?url=https%3A%2F%2Fd3tlizm80tjdt4.cloudfront.net%2Fimage%2F11595%2Fimage%2Fsm-a149c106d663df481f081d8fa47bcf0f.jpeg&amp;w=1080&amp;q=50 1080w,
                                                                                            /_next/image?url=https%3A%2F%2Fd3tlizm80tjdt4.cloudfront.net%2Fimage%2F11595%2Fimage%2Fsm-a149c106d663df481f081d8fa47bcf0f.jpeg&amp;w=1200&amp;q=50 1200w,
                                                                                            /_next/image?url=https%3A%2F%2Fd3tlizm80tjdt4.cloudfront.net%2Fimage%2F11595%2Fimage%2Fsm-a149c106d663df481f081d8fa47bcf0f.jpeg&amp;w=1920&amp;q=50 1920w,
                                                                                            /_next/image?url=https%3A%2F%2Fd3tlizm80tjdt4.cloudfront.net%2Fimage%2F11595%2Fimage%2Fsm-a149c106d663df481f081d8fa47bcf0f.jpeg&amp;w=2048&amp;q=50 2048w,
                                                                                            /_next/image?url=https%3A%2F%2Fd3tlizm80tjdt4.cloudfront.net%2Fimage%2F11595%2Fimage%2Fsm-a149c106d663df481f081d8fa47bcf0f.jpeg&amp;w=3840&amp;q=50 3840w
                                                                                        "
                                                                                        src="/_next/image?url=https%3A%2F%2Fd3tlizm80tjdt4.cloudfront.net%2Fimage%2F11595%2Fimage%2Fsm-a149c106d663df481f081d8fa47bcf0f.jpeg&amp;w=3840&amp;q=50"
                                                                                        style="
                                                                                            position: absolute;
                                                                                            height: 100%;
                                                                                            width: 100%;
                                                                                            inset: 0px;
                                                                                            color: transparent;
                                                                                        "
                                                                                    />
                                                                                </div>
                                                                                <div
                                                                                    class="css-o2ldmt"
                                                                                >
                                                                                    <p
                                                                                        class="chakra-text css-pbtft"
                                                                                    >
                                                                                        Cheese,
                                                                                        Cheddar,
                                                                                        Mild,
                                                                                        Loaf,
                                                                                        (8)
                                                                                        5
                                                                                        Lb
                                                                                        -
                                                                                        103670
                                                                                    </p>
                                                                                    <p
                                                                                        class="chakra-text css-w6ttxb"
                                                                                    >
                                                                                        Cheswick
                                                                                    </p>
                                                                                    <div
                                                                                        class="css-o2ldmt"
                                                                                    >
                                                                                        <div
                                                                                            class="css-zibc0q"
                                                                                        >
                                                                                            <div
                                                                                                class="css-j6qzfh"
                                                                                            >
                                                                                                <b
                                                                                                    class="chakra-text css-1vhzs63"
                                                                                                    >$16.99</b
                                                                                                ><span
                                                                                                    class="chakra-badge css-ff7g47"
                                                                                                    >$3.40/lb</span
                                                                                                >
                                                                                            </div>
                                                                                        </div>
                                                                                    </div>
                                                                                </div>
                                                                            </div>
                                                                        </div></a
                                                                    >
                                                                </div>
                                                            </div>
                                                        </div>
                                                    </div>
                                                    <div
                                                        data-index="33"
                                                        tabindex="-1"
                                                        class="slick-slide slick-cloned"
                                                        aria-hidden="true"
                                                        style="width: 213px"
                                                    >
                                                        <div>
                                                            <div
                                                                tabindex="-1"
                                                                class="css-0"
                                                                style="
                                                                    width: 100%;
                                                                    display: inline-block;
                                                                "
                                                            >
                                                                <div
                                                                    class="p-2 css-0"
                                                                >
                                                                    <a
                                                                        class="chakra-card group css-5pmr4x"
                                                                        role="link"
                                                                        href="/sku/cheese-pepperjack-feather-shred-45-lb-123794/123794"
                                                                        ><div
                                                                            class="chakra-card__body css-1idwstw"
                                                                        >
                                                                            <div
                                                                                class="relative css-1bpq4gx"
                                                                            >
                                                                                <div
                                                                                    class="absolute right-0 z-10 css-0"
                                                                                >
                                                                                    <div
                                                                                        class="css-ckyhk3"
                                                                                    >
                                                                                        <div
                                                                                            role="group"
                                                                                            class="chakra-button__group css-1ind3v2"
                                                                                            data-orientation="horizontal"
                                                                                        >
                                                                                            <button
                                                                                                type="button"
                                                                                                class="chakra-button shadow-elevation-1 css-1lbuwe"
                                                                                                aria-label="Add to cart"
                                                                                            >
                                                                                                <svg
                                                                                                    stroke="currentColor"
                                                                                                    fill="currentColor"
                                                                                                    stroke-width="0"
                                                                                                    viewBox="0 0 16 16"
                                                                                                    focusable="false"
                                                                                                    class="chakra-icon css-6ey7w3"
                                                                                                    aria-hidden="true"
                                                                                                    height="1em"
                                                                                                    width="1em"
                                                                                                    xmlns="http://www.w3.org/2000/svg"
                                                                                                >
                                                                                                    <path
                                                                                                        d="M8 4a.5.5 0 0 1 .5.5v3h3a.5.5 0 0 1 0 1h-3v3a.5.5 0 0 1-1 0v-3h-3a.5.5 0 0 1 0-1h3v-3A.5.5 0 0 1 8 4"
                                                                                                    ></path>
                                                                                                </svg>
                                                                                            </button>
                                                                                        </div>
                                                                                    </div>
                                                                                </div>
                                                                                <div
                                                                                    class="relative h-full css-0"
                                                                                >
                                                                                    <img
                                                                                        alt="Cheese, Pepperjack, Feather Shred, 4/5 Lb - 123794"
                                                                                        decoding="async"
                                                                                        data-nimg="fill"
                                                                                        class="object-contain object-top"
                                                                                        sizes="auto"
                                                                                        srcset="
                                                                                            /_next/image?url=https%3A%2F%2Fd3tlizm80tjdt4.cloudfront.net%2Fimage%2F17990%2Fimage%2Fsm-83f15352ef57aee10ecf9f5eacd4c835.png&amp;w=16&amp;q=50     16w,
                                                                                            /_next/image?url=https%3A%2F%2Fd3tlizm80tjdt4.cloudfront.net%2Fimage%2F17990%2Fimage%2Fsm-83f15352ef57aee10ecf9f5eacd4c835.png&amp;w=32&amp;q=50     32w,
                                                                                            /_next/image?url=https%3A%2F%2Fd3tlizm80tjdt4.cloudfront.net%2Fimage%2F17990%2Fimage%2Fsm-83f15352ef57aee10ecf9f5eacd4c835.png&amp;w=48&amp;q=50     48w,
                                                                                            /_next/image?url=https%3A%2F%2Fd3tlizm80tjdt4.cloudfront.net%2Fimage%2F17990%2Fimage%2Fsm-83f15352ef57aee10ecf9f5eacd4c835.png&amp;w=64&amp;q=50     64w,
                                                                                            /_next/image?url=https%3A%2F%2Fd3tlizm80tjdt4.cloudfront.net%2Fimage%2F17990%2Fimage%2Fsm-83f15352ef57aee10ecf9f5eacd4c835.png&amp;w=96&amp;q=50     96w,
                                                                                            /_next/image?url=https%3A%2F%2Fd3tlizm80tjdt4.cloudfront.net%2Fimage%2F17990%2Fimage%2Fsm-83f15352ef57aee10ecf9f5eacd4c835.png&amp;w=128&amp;q=50   128w,
                                                                                            /_next/image?url=https%3A%2F%2Fd3tlizm80tjdt4.cloudfront.net%2Fimage%2F17990%2Fimage%2Fsm-83f15352ef57aee10ecf9f5eacd4c835.png&amp;w=256&amp;q=50   256w,
                                                                                            /_next/image?url=https%3A%2F%2Fd3tlizm80tjdt4.cloudfront.net%2Fimage%2F17990%2Fimage%2Fsm-83f15352ef57aee10ecf9f5eacd4c835.png&amp;w=384&amp;q=50   384w,
                                                                                            /_next/image?url=https%3A%2F%2Fd3tlizm80tjdt4.cloudfront.net%2Fimage%2F17990%2Fimage%2Fsm-83f15352ef57aee10ecf9f5eacd4c835.png&amp;w=640&amp;q=50   640w,
                                                                                            /_next/image?url=https%3A%2F%2Fd3tlizm80tjdt4.cloudfront.net%2Fimage%2F17990%2Fimage%2Fsm-83f15352ef57aee10ecf9f5eacd4c835.png&amp;w=750&amp;q=50   750w,
                                                                                            /_next/image?url=https%3A%2F%2Fd3tlizm80tjdt4.cloudfront.net%2Fimage%2F17990%2Fimage%2Fsm-83f15352ef57aee10ecf9f5eacd4c835.png&amp;w=828&amp;q=50   828w,
                                                                                            /_next/image?url=https%3A%2F%2Fd3tlizm80tjdt4.cloudfront.net%2Fimage%2F17990%2Fimage%2Fsm-83f15352ef57aee10ecf9f5eacd4c835.png&amp;w=1080&amp;q=50 1080w,
                                                                                            /_next/image?url=https%3A%2F%2Fd3tlizm80tjdt4.cloudfront.net%2Fimage%2F17990%2Fimage%2Fsm-83f15352ef57aee10ecf9f5eacd4c835.png&amp;w=1200&amp;q=50 1200w,
                                                                                            /_next/image?url=https%3A%2F%2Fd3tlizm80tjdt4.cloudfront.net%2Fimage%2F17990%2Fimage%2Fsm-83f15352ef57aee10ecf9f5eacd4c835.png&amp;w=1920&amp;q=50 1920w,
                                                                                            /_next/image?url=https%3A%2F%2Fd3tlizm80tjdt4.cloudfront.net%2Fimage%2F17990%2Fimage%2Fsm-83f15352ef57aee10ecf9f5eacd4c835.png&amp;w=2048&amp;q=50 2048w,
                                                                                            /_next/image?url=https%3A%2F%2Fd3tlizm80tjdt4.cloudfront.net%2Fimage%2F17990%2Fimage%2Fsm-83f15352ef57aee10ecf9f5eacd4c835.png&amp;w=3840&amp;q=50 3840w
                                                                                        "
                                                                                        src="/_next/image?url=https%3A%2F%2Fd3tlizm80tjdt4.cloudfront.net%2Fimage%2F17990%2Fimage%2Fsm-83f15352ef57aee10ecf9f5eacd4c835.png&amp;w=3840&amp;q=50"
                                                                                        style="
                                                                                            position: absolute;
                                                                                            height: 100%;
                                                                                            width: 100%;
                                                                                            inset: 0px;
                                                                                            color: transparent;
                                                                                        "
                                                                                    />
                                                                                </div>
                                                                                <div
                                                                                    class="css-o2ldmt"
                                                                                >
                                                                                    <p
                                                                                        class="chakra-text css-pbtft"
                                                                                    >
                                                                                        Cheese,
                                                                                        Pepperjack,
                                                                                        Feather
                                                                                        Shred,
                                                                                        4/5
                                                                                        Lb
                                                                                        -
                                                                                        123794
                                                                                    </p>
                                                                                    <p
                                                                                        class="chakra-text css-w6ttxb"
                                                                                    >
                                                                                        Cheswick
                                                                                    </p>
                                                                                    <div
                                                                                        class="css-o2ldmt"
                                                                                    >
                                                                                        <div
                                                                                            class="css-zibc0q"
                                                                                        >
                                                                                            <div
                                                                                                class="css-j6qzfh"
                                                                                            >
                                                                                                <b
                                                                                                    class="chakra-text css-1vhzs63"
                                                                                                    >$65.72</b
                                                                                                ><span
                                                                                                    class="chakra-badge css-ff7g47"
                                                                                                    >$3.29/lb</span
                                                                                                >
                                                                                            </div>
                                                                                        </div>
                                                                                    </div>
                                                                                </div>
                                                                            </div>
                                                                        </div></a
                                                                    >
                                                                </div>
                                                            </div>
                                                        </div>
                                                    </div>
                                                    <div
                                                        data-index="34"
                                                        tabindex="-1"
                                                        class="slick-slide slick-cloned"
                                                        aria-hidden="true"
                                                        style="width: 213px"
                                                    >
                                                        <div>
                                                            <div
                                                                tabindex="-1"
                                                                class="css-0"
                                                                style="
                                                                    width: 100%;
                                                                    display: inline-block;
                                                                "
                                                            >
                                                                <div
                                                                    class="p-2 css-0"
                                                                >
                                                                    <a
                                                                        class="chakra-card group css-5pmr4x"
                                                                        role="link"
                                                                        href="/sku/cheese-parmesan-shaved-4-5-lb-106816/106816"
                                                                        ><div
                                                                            class="chakra-card__body css-1idwstw"
                                                                        >
                                                                            <div
                                                                                class="relative css-1bpq4gx"
                                                                            >
                                                                                <div
                                                                                    class="absolute right-0 z-10 css-0"
                                                                                >
                                                                                    <div
                                                                                        class="css-ckyhk3"
                                                                                    >
                                                                                        <div
                                                                                            role="group"
                                                                                            class="chakra-button__group css-1ind3v2"
                                                                                            data-orientation="horizontal"
                                                                                        >
                                                                                            <button
                                                                                                type="button"
                                                                                                class="chakra-button shadow-elevation-1 css-1lbuwe"
                                                                                                aria-label="Add to cart"
                                                                                            >
                                                                                                <svg
                                                                                                    stroke="currentColor"
                                                                                                    fill="currentColor"
                                                                                                    stroke-width="0"
                                                                                                    viewBox="0 0 16 16"
                                                                                                    focusable="false"
                                                                                                    class="chakra-icon css-6ey7w3"
                                                                                                    aria-hidden="true"
                                                                                                    height="1em"
                                                                                                    width="1em"
                                                                                                    xmlns="http://www.w3.org/2000/svg"
                                                                                                >
                                                                                                    <path
                                                                                                        d="M8 4a.5.5 0 0 1 .5.5v3h3a.5.5 0 0 1 0 1h-3v3a.5.5 0 0 1-1 0v-3h-3a.5.5 0 0 1 0-1h3v-3A.5.5 0 0 1 8 4"
                                                                                                    ></path>
                                                                                                </svg>
                                                                                            </button>
                                                                                        </div>
                                                                                    </div>
                                                                                </div>
                                                                                <div
                                                                                    class="relative h-full css-0"
                                                                                >
                                                                                    <img
                                                                                        alt="Cheese, Parmesan, Shaved, (4) 5 Lb - 106816"
                                                                                        decoding="async"
                                                                                        data-nimg="fill"
                                                                                        class="object-contain object-top"
                                                                                        sizes="auto"
                                                                                        srcset="
                                                                                            /_next/image?url=https%3A%2F%2Fd3tlizm80tjdt4.cloudfront.net%2Fimage%2F2865%2Fimage%2Fsm-7f83700059c075a212d5756e9c4e7073.jpg&amp;w=16&amp;q=50     16w,
                                                                                            /_next/image?url=https%3A%2F%2Fd3tlizm80tjdt4.cloudfront.net%2Fimage%2F2865%2Fimage%2Fsm-7f83700059c075a212d5756e9c4e7073.jpg&amp;w=32&amp;q=50     32w,
                                                                                            /_next/image?url=https%3A%2F%2Fd3tlizm80tjdt4.cloudfront.net%2Fimage%2F2865%2Fimage%2Fsm-7f83700059c075a212d5756e9c4e7073.jpg&amp;w=48&amp;q=50     48w,
                                                                                            /_next/image?url=https%3A%2F%2Fd3tlizm80tjdt4.cloudfront.net%2Fimage%2F2865%2Fimage%2Fsm-7f83700059c075a212d5756e9c4e7073.jpg&amp;w=64&amp;q=50     64w,
                                                                                            /_next/image?url=https%3A%2F%2Fd3tlizm80tjdt4.cloudfront.net%2Fimage%2F2865%2Fimage%2Fsm-7f83700059c075a212d5756e9c4e7073.jpg&amp;w=96&amp;q=50     96w,
                                                                                            /_next/image?url=https%3A%2F%2Fd3tlizm80tjdt4.cloudfront.net%2Fimage%2F2865%2Fimage%2Fsm-7f83700059c075a212d5756e9c4e7073.jpg&amp;w=128&amp;q=50   128w,
                                                                                            /_next/image?url=https%3A%2F%2Fd3tlizm80tjdt4.cloudfront.net%2Fimage%2F2865%2Fimage%2Fsm-7f83700059c075a212d5756e9c4e7073.jpg&amp;w=256&amp;q=50   256w,
                                                                                            /_next/image?url=https%3A%2F%2Fd3tlizm80tjdt4.cloudfront.net%2Fimage%2F2865%2Fimage%2Fsm-7f83700059c075a212d5756e9c4e7073.jpg&amp;w=384&amp;q=50   384w,
                                                                                            /_next/image?url=https%3A%2F%2Fd3tlizm80tjdt4.cloudfront.net%2Fimage%2F2865%2Fimage%2Fsm-7f83700059c075a212d5756e9c4e7073.jpg&amp;w=640&amp;q=50   640w,
                                                                                            /_next/image?url=https%3A%2F%2Fd3tlizm80tjdt4.cloudfront.net%2Fimage%2F2865%2Fimage%2Fsm-7f83700059c075a212d5756e9c4e7073.jpg&amp;w=750&amp;q=50   750w,
                                                                                            /_next/image?url=https%3A%2F%2Fd3tlizm80tjdt4.cloudfront.net%2Fimage%2F2865%2Fimage%2Fsm-7f83700059c075a212d5756e9c4e7073.jpg&amp;w=828&amp;q=50   828w,
                                                                                            /_next/image?url=https%3A%2F%2Fd3tlizm80tjdt4.cloudfront.net%2Fimage%2F2865%2Fimage%2Fsm-7f83700059c075a212d5756e9c4e7073.jpg&amp;w=1080&amp;q=50 1080w,
                                                                                            /_next/image?url=https%3A%2F%2Fd3tlizm80tjdt4.cloudfront.net%2Fimage%2F2865%2Fimage%2Fsm-7f83700059c075a212d5756e9c4e7073.jpg&amp;w=1200&amp;q=50 1200w,
                                                                                            /_next/image?url=https%3A%2F%2Fd3tlizm80tjdt4.cloudfront.net%2Fimage%2F2865%2Fimage%2Fsm-7f83700059c075a212d5756e9c4e7073.jpg&amp;w=1920&amp;q=50 1920w,
                                                                                            /_next/image?url=https%3A%2F%2Fd3tlizm80tjdt4.cloudfront.net%2Fimage%2F2865%2Fimage%2Fsm-7f83700059c075a212d5756e9c4e7073.jpg&amp;w=2048&amp;q=50 2048w,
                                                                                            /_next/image?url=https%3A%2F%2Fd3tlizm80tjdt4.cloudfront.net%2Fimage%2F2865%2Fimage%2Fsm-7f83700059c075a212d5756e9c4e7073.jpg&amp;w=3840&amp;q=50 3840w
                                                                                        "
                                                                                        src="/_next/image?url=https%3A%2F%2Fd3tlizm80tjdt4.cloudfront.net%2Fimage%2F2865%2Fimage%2Fsm-7f83700059c075a212d5756e9c4e7073.jpg&amp;w=3840&amp;q=50"
                                                                                        style="
                                                                                            position: absolute;
                                                                                            height: 100%;
                                                                                            width: 100%;
                                                                                            inset: 0px;
                                                                                            color: transparent;
                                                                                        "
                                                                                    />
                                                                                </div>
                                                                                <div
                                                                                    class="css-o2ldmt"
                                                                                >
                                                                                    <p
                                                                                        class="chakra-text css-pbtft"
                                                                                    >
                                                                                        Cheese,
                                                                                        Parmesan,
                                                                                        Shaved,
                                                                                        (4)
                                                                                        5
                                                                                        Lb
                                                                                        -
                                                                                        106816
                                                                                    </p>
                                                                                    <p
                                                                                        class="chakra-text css-w6ttxb"
                                                                                    >
                                                                                        Galbani
                                                                                    </p>
                                                                                    <div
                                                                                        class="css-o2ldmt"
                                                                                    >
                                                                                        <div
                                                                                            class="css-zibc0q"
                                                                                        >
                                                                                            <div
                                                                                                class="css-j6qzfh"
                                                                                            >
                                                                                                <b
                                                                                                    class="chakra-text css-1vhzs63"
                                                                                                    >$26.44</b
                                                                                                ><span
                                                                                                    class="chakra-badge css-ff7g47"
                                                                                                    >$5.29/lb</span
                                                                                                >
                                                                                            </div>
                                                                                        </div>
                                                                                    </div>
                                                                                </div>
                                                                            </div>
                                                                        </div></a
                                                                    >
                                                                </div>
                                                            </div>
                                                        </div>
                                                    </div>
                                                    <div
                                                        data-index="35"
                                                        tabindex="-1"
                                                        class="slick-slide slick-cloned"
                                                        aria-hidden="true"
                                                        style="width: 213px"
                                                    >
                                                        <div>
                                                            <div
                                                                tabindex="-1"
                                                                class="css-0"
                                                                style="
                                                                    width: 100%;
                                                                    display: inline-block;
                                                                "
                                                            >
                                                                <div
                                                                    class="p-2 css-0"
                                                                >
                                                                    <a
                                                                        class="chakra-card group css-5pmr4x"
                                                                        role="link"
                                                                        href="/sku/cheese-monterey-jack-shredded-fancy-4-5-lb-108930/108930"
                                                                        ><div
                                                                            class="chakra-card__body css-1idwstw"
                                                                        >
                                                                            <div
                                                                                class="relative css-1bpq4gx"
                                                                            >
                                                                                <div
                                                                                    class="absolute right-0 z-10 css-0"
                                                                                >
                                                                                    <div
                                                                                        class="css-ckyhk3"
                                                                                    >
                                                                                        <div
                                                                                            role="group"
                                                                                            class="chakra-button__group css-1ind3v2"
                                                                                            data-orientation="horizontal"
                                                                                        >
                                                                                            <button
                                                                                                type="button"
                                                                                                class="chakra-button shadow-elevation-1 css-1lbuwe"
                                                                                                aria-label="Add to cart"
                                                                                            >
                                                                                                <svg
                                                                                                    stroke="currentColor"
                                                                                                    fill="currentColor"
                                                                                                    stroke-width="0"
                                                                                                    viewBox="0 0 16 16"
                                                                                                    focusable="false"
                                                                                                    class="chakra-icon css-6ey7w3"
                                                                                                    aria-hidden="true"
                                                                                                    height="1em"
                                                                                                    width="1em"
                                                                                                    xmlns="http://www.w3.org/2000/svg"
                                                                                                >
                                                                                                    <path
                                                                                                        d="M8 4a.5.5 0 0 1 .5.5v3h3a.5.5 0 0 1 0 1h-3v3a.5.5 0 0 1-1 0v-3h-3a.5.5 0 0 1 0-1h3v-3A.5.5 0 0 1 8 4"
                                                                                                    ></path>
                                                                                                </svg>
                                                                                            </button>
                                                                                        </div>
                                                                                    </div>
                                                                                </div>
                                                                                <div
                                                                                    class="relative h-full css-0"
                                                                                >
                                                                                    <img
                                                                                        alt="Cheese, Monterey Jack, Shredded, Fancy, (4) 5 Lb - 108930"
                                                                                        decoding="async"
                                                                                        data-nimg="fill"
                                                                                        class="object-contain object-top"
                                                                                        sizes="auto"
                                                                                        srcset="
                                                                                            /_next/image?url=https%3A%2F%2Fd3tlizm80tjdt4.cloudfront.net%2Fimage%2F7273%2Fimage%2Fsm-77f3fe57315491b5b760f3c783c2ce89.jpg&amp;w=16&amp;q=50     16w,
                                                                                            /_next/image?url=https%3A%2F%2Fd3tlizm80tjdt4.cloudfront.net%2Fimage%2F7273%2Fimage%2Fsm-77f3fe57315491b5b760f3c783c2ce89.jpg&amp;w=32&amp;q=50     32w,
                                                                                            /_next/image?url=https%3A%2F%2Fd3tlizm80tjdt4.cloudfront.net%2Fimage%2F7273%2Fimage%2Fsm-77f3fe57315491b5b760f3c783c2ce89.jpg&amp;w=48&amp;q=50     48w,
                                                                                            /_next/image?url=https%3A%2F%2Fd3tlizm80tjdt4.cloudfront.net%2Fimage%2F7273%2Fimage%2Fsm-77f3fe57315491b5b760f3c783c2ce89.jpg&amp;w=64&amp;q=50     64w,
                                                                                            /_next/image?url=https%3A%2F%2Fd3tlizm80tjdt4.cloudfront.net%2Fimage%2F7273%2Fimage%2Fsm-77f3fe57315491b5b760f3c783c2ce89.jpg&amp;w=96&amp;q=50     96w,
                                                                                            /_next/image?url=https%3A%2F%2Fd3tlizm80tjdt4.cloudfront.net%2Fimage%2F7273%2Fimage%2Fsm-77f3fe57315491b5b760f3c783c2ce89.jpg&amp;w=128&amp;q=50   128w,
                                                                                            /_next/image?url=https%3A%2F%2Fd3tlizm80tjdt4.cloudfront.net%2Fimage%2F7273%2Fimage%2Fsm-77f3fe57315491b5b760f3c783c2ce89.jpg&amp;w=256&amp;q=50   256w,
                                                                                            /_next/image?url=https%3A%2F%2Fd3tlizm80tjdt4.cloudfront.net%2Fimage%2F7273%2Fimage%2Fsm-77f3fe57315491b5b760f3c783c2ce89.jpg&amp;w=384&amp;q=50   384w,
                                                                                            /_next/image?url=https%3A%2F%2Fd3tlizm80tjdt4.cloudfront.net%2Fimage%2F7273%2Fimage%2Fsm-77f3fe57315491b5b760f3c783c2ce89.jpg&amp;w=640&amp;q=50   640w,
                                                                                            /_next/image?url=https%3A%2F%2Fd3tlizm80tjdt4.cloudfront.net%2Fimage%2F7273%2Fimage%2Fsm-77f3fe57315491b5b760f3c783c2ce89.jpg&amp;w=750&amp;q=50   750w,
                                                                                            /_next/image?url=https%3A%2F%2Fd3tlizm80tjdt4.cloudfront.net%2Fimage%2F7273%2Fimage%2Fsm-77f3fe57315491b5b760f3c783c2ce89.jpg&amp;w=828&amp;q=50   828w,
                                                                                            /_next/image?url=https%3A%2F%2Fd3tlizm80tjdt4.cloudfront.net%2Fimage%2F7273%2Fimage%2Fsm-77f3fe57315491b5b760f3c783c2ce89.jpg&amp;w=1080&amp;q=50 1080w,
                                                                                            /_next/image?url=https%3A%2F%2Fd3tlizm80tjdt4.cloudfront.net%2Fimage%2F7273%2Fimage%2Fsm-77f3fe57315491b5b760f3c783c2ce89.jpg&amp;w=1200&amp;q=50 1200w,
                                                                                            /_next/image?url=https%3A%2F%2Fd3tlizm80tjdt4.cloudfront.net%2Fimage%2F7273%2Fimage%2Fsm-77f3fe57315491b5b760f3c783c2ce89.jpg&amp;w=1920&amp;q=50 1920w,
                                                                                            /_next/image?url=https%3A%2F%2Fd3tlizm80tjdt4.cloudfront.net%2Fimage%2F7273%2Fimage%2Fsm-77f3fe57315491b5b760f3c783c2ce89.jpg&amp;w=2048&amp;q=50 2048w,
                                                                                            /_next/image?url=https%3A%2F%2Fd3tlizm80tjdt4.cloudfront.net%2Fimage%2F7273%2Fimage%2Fsm-77f3fe57315491b5b760f3c783c2ce89.jpg&amp;w=3840&amp;q=50 3840w
                                                                                        "
                                                                                        src="/_next/image?url=https%3A%2F%2Fd3tlizm80tjdt4.cloudfront.net%2Fimage%2F7273%2Fimage%2Fsm-77f3fe57315491b5b760f3c783c2ce89.jpg&amp;w=3840&amp;q=50"
                                                                                        style="
                                                                                            position: absolute;
                                                                                            height: 100%;
                                                                                            width: 100%;
                                                                                            inset: 0px;
                                                                                            color: transparent;
                                                                                        "
                                                                                    />
                                                                                </div>
                                                                                <div
                                                                                    class="css-o2ldmt"
                                                                                >
                                                                                    <p
                                                                                        class="chakra-text css-pbtft"
                                                                                    >
                                                                                        Cheese,
                                                                                        Monterey
                                                                                        Jack,
                                                                                        Shredded,
                                                                                        Fancy,
                                                                                        (4)
                                                                                        5
                                                                                        Lb
                                                                                        -
                                                                                        108930
                                                                                    </p>
                                                                                    <p
                                                                                        class="chakra-text css-w6ttxb"
                                                                                    >
                                                                                        Cheswick
                                                                                    </p>
                                                                                    <div
                                                                                        class="css-o2ldmt"
                                                                                    >
                                                                                        <div
                                                                                            class="css-zibc0q"
                                                                                        >
                                                                                            <div
                                                                                                class="css-j6qzfh"
                                                                                            >
                                                                                                <b
                                                                                                    class="chakra-text css-1vhzs63"
                                                                                                    >$16.26</b
                                                                                                ><span
                                                                                                    class="chakra-badge css-ff7g47"
                                                                                                    >$3.25/lb</span
                                                                                                >
                                                                                            </div>
                                                                                        </div>
                                                                                    </div>
                                                                                </div>
                                                                            </div>
                                                                        </div></a
                                                                    >
                                                                </div>
                                                            </div>
                                                        </div>
                                                    </div>
                                                    <div
                                                        data-index="36"
                                                        tabindex="-1"
                                                        class="slick-slide slick-cloned"
                                                        aria-hidden="true"
                                                        style="width: 213px"
                                                    >
                                                        <div>
                                                            <div
                                                                tabindex="-1"
                                                                class="css-0"
                                                                style="
                                                                    width: 100%;
                                                                    display: inline-block;
                                                                "
                                                            >
                                                                <div
                                                                    class="p-2 css-0"
                                                                >
                                                                    <a
                                                                        class="chakra-card group css-5pmr4x"
                                                                        role="link"
                                                                        href="/sku/cheese-monterey-jack-loaf-2-5-lb-107600/107600"
                                                                        ><div
                                                                            class="chakra-card__body css-1idwstw"
                                                                        >
                                                                            <div
                                                                                class="relative css-1bpq4gx"
                                                                            >
                                                                                <div
                                                                                    class="absolute right-0 z-10 css-0"
                                                                                >
                                                                                    <div
                                                                                        class="css-ckyhk3"
                                                                                    >
                                                                                        <div
                                                                                            role="group"
                                                                                            class="chakra-button__group css-1ind3v2"
                                                                                            data-orientation="horizontal"
                                                                                        >
                                                                                            <button
                                                                                                type="button"
                                                                                                class="chakra-button shadow-elevation-1 css-1lbuwe"
                                                                                                aria-label="Add to cart"
                                                                                            >
                                                                                                <svg
                                                                                                    stroke="currentColor"
                                                                                                    fill="currentColor"
                                                                                                    stroke-width="0"
                                                                                                    viewBox="0 0 16 16"
                                                                                                    focusable="false"
                                                                                                    class="chakra-icon css-6ey7w3"
                                                                                                    aria-hidden="true"
                                                                                                    height="1em"
                                                                                                    width="1em"
                                                                                                    xmlns="http://www.w3.org/2000/svg"
                                                                                                >
                                                                                                    <path
                                                                                                        d="M8 4a.5.5 0 0 1 .5.5v3h3a.5.5 0 0 1 0 1h-3v3a.5.5 0 0 1-1 0v-3h-3a.5.5 0 0 1 0-1h3v-3A.5.5 0 0 1 8 4"
                                                                                                    ></path>
                                                                                                </svg>
                                                                                            </button>
                                                                                        </div>
                                                                                    </div>
                                                                                </div>
                                                                                <div
                                                                                    class="relative h-full css-0"
                                                                                >
                                                                                    <img
                                                                                        alt="Cheese, Monterey Jack, Loaf, (2) 5 Lb - 107600"
                                                                                        decoding="async"
                                                                                        data-nimg="fill"
                                                                                        class="object-contain object-top"
                                                                                        sizes="auto"
                                                                                        srcset="
                                                                                            /_next/image?url=https%3A%2F%2Fd3tlizm80tjdt4.cloudfront.net%2Fimage%2F5981%2Fimage%2Fsm-8006f8100c50aee751d5e74b228445bf.jpg&amp;w=16&amp;q=50     16w,
                                                                                            /_next/image?url=https%3A%2F%2Fd3tlizm80tjdt4.cloudfront.net%2Fimage%2F5981%2Fimage%2Fsm-8006f8100c50aee751d5e74b228445bf.jpg&amp;w=32&amp;q=50     32w,
                                                                                            /_next/image?url=https%3A%2F%2Fd3tlizm80tjdt4.cloudfront.net%2Fimage%2F5981%2Fimage%2Fsm-8006f8100c50aee751d5e74b228445bf.jpg&amp;w=48&amp;q=50     48w,
                                                                                            /_next/image?url=https%3A%2F%2Fd3tlizm80tjdt4.cloudfront.net%2Fimage%2F5981%2Fimage%2Fsm-8006f8100c50aee751d5e74b228445bf.jpg&amp;w=64&amp;q=50     64w,
                                                                                            /_next/image?url=https%3A%2F%2Fd3tlizm80tjdt4.cloudfront.net%2Fimage%2F5981%2Fimage%2Fsm-8006f8100c50aee751d5e74b228445bf.jpg&amp;w=96&amp;q=50     96w,
                                                                                            /_next/image?url=https%3A%2F%2Fd3tlizm80tjdt4.cloudfront.net%2Fimage%2F5981%2Fimage%2Fsm-8006f8100c50aee751d5e74b228445bf.jpg&amp;w=128&amp;q=50   128w,
                                                                                            /_next/image?url=https%3A%2F%2Fd3tlizm80tjdt4.cloudfront.net%2Fimage%2F5981%2Fimage%2Fsm-8006f8100c50aee751d5e74b228445bf.jpg&amp;w=256&amp;q=50   256w,
                                                                                            /_next/image?url=https%3A%2F%2Fd3tlizm80tjdt4.cloudfront.net%2Fimage%2F5981%2Fimage%2Fsm-8006f8100c50aee751d5e74b228445bf.jpg&amp;w=384&amp;q=50   384w,
                                                                                            /_next/image?url=https%3A%2F%2Fd3tlizm80tjdt4.cloudfront.net%2Fimage%2F5981%2Fimage%2Fsm-8006f8100c50aee751d5e74b228445bf.jpg&amp;w=640&amp;q=50   640w,
                                                                                            /_next/image?url=https%3A%2F%2Fd3tlizm80tjdt4.cloudfront.net%2Fimage%2F5981%2Fimage%2Fsm-8006f8100c50aee751d5e74b228445bf.jpg&amp;w=750&amp;q=50   750w,
                                                                                            /_next/image?url=https%3A%2F%2Fd3tlizm80tjdt4.cloudfront.net%2Fimage%2F5981%2Fimage%2Fsm-8006f8100c50aee751d5e74b228445bf.jpg&amp;w=828&amp;q=50   828w,
                                                                                            /_next/image?url=https%3A%2F%2Fd3tlizm80tjdt4.cloudfront.net%2Fimage%2F5981%2Fimage%2Fsm-8006f8100c50aee751d5e74b228445bf.jpg&amp;w=1080&amp;q=50 1080w,
                                                                                            /_next/image?url=https%3A%2F%2Fd3tlizm80tjdt4.cloudfront.net%2Fimage%2F5981%2Fimage%2Fsm-8006f8100c50aee751d5e74b228445bf.jpg&amp;w=1200&amp;q=50 1200w,
                                                                                            /_next/image?url=https%3A%2F%2Fd3tlizm80tjdt4.cloudfront.net%2Fimage%2F5981%2Fimage%2Fsm-8006f8100c50aee751d5e74b228445bf.jpg&amp;w=1920&amp;q=50 1920w,
                                                                                            /_next/image?url=https%3A%2F%2Fd3tlizm80tjdt4.cloudfront.net%2Fimage%2F5981%2Fimage%2Fsm-8006f8100c50aee751d5e74b228445bf.jpg&amp;w=2048&amp;q=50 2048w,
                                                                                            /_next/image?url=https%3A%2F%2Fd3tlizm80tjdt4.cloudfront.net%2Fimage%2F5981%2Fimage%2Fsm-8006f8100c50aee751d5e74b228445bf.jpg&amp;w=3840&amp;q=50 3840w
                                                                                        "
                                                                                        src="/_next/image?url=https%3A%2F%2Fd3tlizm80tjdt4.cloudfront.net%2Fimage%2F5981%2Fimage%2Fsm-8006f8100c50aee751d5e74b228445bf.jpg&amp;w=3840&amp;q=50"
                                                                                        style="
                                                                                            position: absolute;
                                                                                            height: 100%;
                                                                                            width: 100%;
                                                                                            inset: 0px;
                                                                                            color: transparent;
                                                                                        "
                                                                                    />
                                                                                </div>
                                                                                <div
                                                                                    class="css-o2ldmt"
                                                                                >
                                                                                    <p
                                                                                        class="chakra-text css-pbtft"
                                                                                    >
                                                                                        Cheese,
                                                                                        Monterey
                                                                                        Jack,
                                                                                        Loaf,
                                                                                        (2)
                                                                                        5
                                                                                        Lb
                                                                                        -
                                                                                        107600
                                                                                    </p>
                                                                                    <p
                                                                                        class="chakra-text css-w6ttxb"
                                                                                    >
                                                                                        Packer
                                                                                    </p>
                                                                                    <div
                                                                                        class="css-o2ldmt"
                                                                                    >
                                                                                        <div
                                                                                            class="css-zibc0q"
                                                                                        >
                                                                                            <div
                                                                                                class="css-j6qzfh"
                                                                                            >
                                                                                                <b
                                                                                                    class="chakra-text css-1vhzs63"
                                                                                                    >$18.45</b
                                                                                                ><span
                                                                                                    class="chakra-badge css-ff7g47"
                                                                                                    >$3.69/lb</span
                                                                                                >
                                                                                            </div>
                                                                                        </div>
                                                                                    </div>
                                                                                </div>
                                                                            </div>
                                                                        </div></a
                                                                    >
                                                                </div>
                                                            </div>
                                                        </div>
                                                    </div>
                                                    <div
                                                        data-index="37"
                                                        tabindex="-1"
                                                        class="slick-slide slick-cloned"
                                                        aria-hidden="true"
                                                        style="width: 213px"
                                                    >
                                                        <div>
                                                            <div
                                                                tabindex="-1"
                                                                class="css-0"
                                                                style="
                                                                    width: 100%;
                                                                    display: inline-block;
                                                                "
                                                            >
                                                                <div
                                                                    class="p-2 css-0"
                                                                >
                                                                    <a
                                                                        class="chakra-card group css-5pmr4x"
                                                                        role="link"
                                                                        href="/sku/cheese-cheddar-sharp-slcd-interleaf-075-oz-8-103603/103603"
                                                                        ><div
                                                                            class="chakra-card__body css-1idwstw"
                                                                        >
                                                                            <div
                                                                                class="relative css-1bpq4gx"
                                                                            >
                                                                                <div
                                                                                    class="absolute right-0 z-10 css-0"
                                                                                >
                                                                                    <div
                                                                                        class="css-ckyhk3"
                                                                                    >
                                                                                        <div
                                                                                            role="group"
                                                                                            class="chakra-button__group css-1ind3v2"
                                                                                            data-orientation="horizontal"
                                                                                        >
                                                                                            <button
                                                                                                type="button"
                                                                                                class="chakra-button shadow-elevation-1 css-1lbuwe"
                                                                                                aria-label="Add to cart"
                                                                                            >
                                                                                                <svg
                                                                                                    stroke="currentColor"
                                                                                                    fill="currentColor"
                                                                                                    stroke-width="0"
                                                                                                    viewBox="0 0 16 16"
                                                                                                    focusable="false"
                                                                                                    class="chakra-icon css-6ey7w3"
                                                                                                    aria-hidden="true"
                                                                                                    height="1em"
                                                                                                    width="1em"
                                                                                                    xmlns="http://www.w3.org/2000/svg"
                                                                                                >
                                                                                                    <path
                                                                                                        d="M8 4a.5.5 0 0 1 .5.5v3h3a.5.5 0 0 1 0 1h-3v3a.5.5 0 0 1-1 0v-3h-3a.5.5 0 0 1 0-1h3v-3A.5.5 0 0 1 8 4"
                                                                                                    ></path>
                                                                                                </svg>
                                                                                            </button>
                                                                                        </div>
                                                                                    </div>
                                                                                </div>
                                                                                <div
                                                                                    class="relative h-full css-0"
                                                                                >
                                                                                    <img
                                                                                        alt="Cheese, Cheddar, Sharp, Slcd, Interleaf, 0.75 Oz, (8)  103603"
                                                                                        decoding="async"
                                                                                        data-nimg="fill"
                                                                                        class="object-contain object-top"
                                                                                        sizes="auto"
                                                                                        srcset="
                                                                                            /_next/image?url=https%3A%2F%2Fd3tlizm80tjdt4.cloudfront.net%2Fimage%2F10347%2Fimage%2Fsm-e678c1718263a65a402310e22e32ac8a.jpg&amp;w=16&amp;q=50     16w,
                                                                                            /_next/image?url=https%3A%2F%2Fd3tlizm80tjdt4.cloudfront.net%2Fimage%2F10347%2Fimage%2Fsm-e678c1718263a65a402310e22e32ac8a.jpg&amp;w=32&amp;q=50     32w,
                                                                                            /_next/image?url=https%3A%2F%2Fd3tlizm80tjdt4.cloudfront.net%2Fimage%2F10347%2Fimage%2Fsm-e678c1718263a65a402310e22e32ac8a.jpg&amp;w=48&amp;q=50     48w,
                                                                                            /_next/image?url=https%3A%2F%2Fd3tlizm80tjdt4.cloudfront.net%2Fimage%2F10347%2Fimage%2Fsm-e678c1718263a65a402310e22e32ac8a.jpg&amp;w=64&amp;q=50     64w,
                                                                                            /_next/image?url=https%3A%2F%2Fd3tlizm80tjdt4.cloudfront.net%2Fimage%2F10347%2Fimage%2Fsm-e678c1718263a65a402310e22e32ac8a.jpg&amp;w=96&amp;q=50     96w,
                                                                                            /_next/image?url=https%3A%2F%2Fd3tlizm80tjdt4.cloudfront.net%2Fimage%2F10347%2Fimage%2Fsm-e678c1718263a65a402310e22e32ac8a.jpg&amp;w=128&amp;q=50   128w,
                                                                                            /_next/image?url=https%3A%2F%2Fd3tlizm80tjdt4.cloudfront.net%2Fimage%2F10347%2Fimage%2Fsm-e678c1718263a65a402310e22e32ac8a.jpg&amp;w=256&amp;q=50   256w,
                                                                                            /_next/image?url=https%3A%2F%2Fd3tlizm80tjdt4.cloudfront.net%2Fimage%2F10347%2Fimage%2Fsm-e678c1718263a65a402310e22e32ac8a.jpg&amp;w=384&amp;q=50   384w,
                                                                                            /_next/image?url=https%3A%2F%2Fd3tlizm80tjdt4.cloudfront.net%2Fimage%2F10347%2Fimage%2Fsm-e678c1718263a65a402310e22e32ac8a.jpg&amp;w=640&amp;q=50   640w,
                                                                                            /_next/image?url=https%3A%2F%2Fd3tlizm80tjdt4.cloudfront.net%2Fimage%2F10347%2Fimage%2Fsm-e678c1718263a65a402310e22e32ac8a.jpg&amp;w=750&amp;q=50   750w,
                                                                                            /_next/image?url=https%3A%2F%2Fd3tlizm80tjdt4.cloudfront.net%2Fimage%2F10347%2Fimage%2Fsm-e678c1718263a65a402310e22e32ac8a.jpg&amp;w=828&amp;q=50   828w,
                                                                                            /_next/image?url=https%3A%2F%2Fd3tlizm80tjdt4.cloudfront.net%2Fimage%2F10347%2Fimage%2Fsm-e678c1718263a65a402310e22e32ac8a.jpg&amp;w=1080&amp;q=50 1080w,
                                                                                            /_next/image?url=https%3A%2F%2Fd3tlizm80tjdt4.cloudfront.net%2Fimage%2F10347%2Fimage%2Fsm-e678c1718263a65a402310e22e32ac8a.jpg&amp;w=1200&amp;q=50 1200w,
                                                                                            /_next/image?url=https%3A%2F%2Fd3tlizm80tjdt4.cloudfront.net%2Fimage%2F10347%2Fimage%2Fsm-e678c1718263a65a402310e22e32ac8a.jpg&amp;w=1920&amp;q=50 1920w,
                                                                                            /_next/image?url=https%3A%2F%2Fd3tlizm80tjdt4.cloudfront.net%2Fimage%2F10347%2Fimage%2Fsm-e678c1718263a65a402310e22e32ac8a.jpg&amp;w=2048&amp;q=50 2048w,
                                                                                            /_next/image?url=https%3A%2F%2Fd3tlizm80tjdt4.cloudfront.net%2Fimage%2F10347%2Fimage%2Fsm-e678c1718263a65a402310e22e32ac8a.jpg&amp;w=3840&amp;q=50 3840w
                                                                                        "
                                                                                        src="/_next/image?url=https%3A%2F%2Fd3tlizm80tjdt4.cloudfront.net%2Fimage%2F10347%2Fimage%2Fsm-e678c1718263a65a402310e22e32ac8a.jpg&amp;w=3840&amp;q=50"
                                                                                        style="
                                                                                            position: absolute;
                                                                                            height: 100%;
                                                                                            width: 100%;
                                                                                            inset: 0px;
                                                                                            color: transparent;
                                                                                        "
                                                                                    />
                                                                                </div>
                                                                                <div
                                                                                    class="css-o2ldmt"
                                                                                >
                                                                                    <p
                                                                                        class="chakra-text css-pbtft"
                                                                                    >
                                                                                        Cheese,
                                                                                        Cheddar,
                                                                                        Sharp,
                                                                                        Slcd,
                                                                                        Interleaf,
                                                                                        0.75
                                                                                        Oz,
                                                                                        (8)
                                                                                        103603
                                                                                    </p>
                                                                                    <p
                                                                                        class="chakra-text css-w6ttxb"
                                                                                    >
                                                                                        California
                                                                                        Select
                                                                                        Farms
                                                                                    </p>
                                                                                    <div
                                                                                        class="css-o2ldmt"
                                                                                    >
                                                                                        <div
                                                                                            class="css-zibc0q"
                                                                                        >
                                                                                            <div
                                                                                                class="css-j6qzfh"
                                                                                            >
                                                                                                <b
                                                                                                    class="chakra-text css-1vhzs63"
                                                                                                    >$9.56</b
                                                                                                ><span
                                                                                                    class="chakra-badge css-ff7g47"
                                                                                                    >$6.37/lb</span
                                                                                                >
                                                                                            </div>
                                                                                        </div>
                                                                                    </div>
                                                                                </div>
                                                                            </div>
                                                                        </div></a
                                                                    >
                                                                </div>
                                                            </div>
                                                        </div>
                                                    </div>
                                                </div>
                                            </div>
                                        </div>
                                    </div>
                                </div>
                            </div>
                        </div>
                    </div>
                </div>
            </div>
        </div>
        <span id="__chakra_env" hidden=""></span>
        <script
            src="/_next/static/chunks/webpack-bae73be1702c6aba.js"
            async=""
        ></script>
        <script>
            (self.__next_f = self.__next_f || []).push([0]);
        </script>
        <script>
            self.__next_f.push([
                1,
                '1:"$Sreact.fragment"\n2:I[14547,[],"ClientSegmentRoot"]\n3:I[90535,["7177","static/chunks/app/layout-f3cf98c9c99937ab.js"],"default"]\n4:I[15244,[],""]\n5:I[16310,["8039","static/chunks/app/error-89779e21e1d1a811.js"],"default"]\n6:I[43866,[],""]\n7:I[62537,["1811","static/chunks/app/(shop)/not-found-fff46fc3beb2e980.js"],"default"]\nc:I[86213,[],"OutletBoundary"]\ne:I[9949,["1129","static/chunks/app/(shop)/(departments)/department/%5Bname%5D/%5Bid%5D/not-found-2787bc13c7d4eb2b.js"],"Box"]\nf:I[40674,["1129","static/chunks/app/(shop)/(departments)/department/%5Bname%5D/%5Bid%5D/not-found-2787bc13c7d4eb2b.js"],"HStack"]\n10:I[30036,["1129","static/chunks/app/(shop)/(departments)/department/%5Bname%5D/%5Bid%5D/not-found-2787bc13c7d4eb2b.js"],"Skeleton"]\n11:I[73131,["1129","static/chunks/app/(shop)/(departments)/department/%5Bname%5D/%5Bid%5D/not-found-2787bc13c7d4eb2b.js"],"Button"]\n12:I[97333,["1129","static/chunks/app/(shop)/(departments)/department/%5Bname%5D/%5Bid%5D/not-found-2787bc13c7d4eb2b.js"],"ButtonGroup"]\n13:I[43791,["1129","static/chunks/app/(shop)/(departments)/department/%5Bname%5D/%5Bid%5D/not-found-2787bc13c7d4eb2b.js"],"Grid"]\n14:I[16823,["1129","static/chunks/app/(shop)/(departments)/department/%5Bname%5D/%5Bid%5D/not-found-2787bc13c7d4eb2b.js"],"GridItem"]\n15:I[16987,["1129","static/chunks/app/(shop)/(departments)/department/%5Bname%5D/%5Bid%5D/not-found-2787bc13c7d4eb2b.js"],"Card"]\n16:I[43862,["1129","static/chunks/app/(shop)/(departments)/department/%5Bname%5D/%5Bid%5D/not-found-2787bc13c7d4eb2b.js"],"CardBody"]\n17:I[2533,["1129","static/chunks/app/(shop)/(departments)/department/%5Bname%5D/%5Bid%5D/not-found-2787bc13c7d4eb2b.js"],"Flex"]\n18:I[44141,["1129","static/chunks/app/(shop)/(departments)/department/%5Bname%5D/%5Bid%5D/not-found-2787bc13c7d4eb2b.js"],"SkeletonText"]\n19:I[86213,[],"MetadataBoundary"]\n1b:I[86213,[],"ViewportBoundary"]\n1d:I[34835,[],""]\n1e:I[25442,["1129","static/chunks/app/(shop)/(departments)/department/%5Bname%5D/%5Bid%5D/not-found-2787bc13c7d4eb2b.js"],"Heading"]\n:HL["/_next/s',
            ]);
        </script>
        <script>
            self.__next_f.push([
                1,
                'tatic/media/4f12d385177b76b0-s.p.woff2","font",{"crossOrigin":"","type":"font/woff2"}]\n:HL["/_next/static/media/a723ac35f13bee49-s.p.woff2","font",{"crossOrigin":"","type":"font/woff2"}]\n:HL["/_next/static/media/aaff1096aab8d1ce-s.p.woff2","font",{"crossOrigin":"","type":"font/woff2"}]\n:HL["/_next/static/css/1c0ce0c126a33e81.css","style"]\n',
            ]);
        </script>
        <script>
            self.__next_f.push([
                1,
                '0:{"P":null,"b":"h-gqD899pQ6ErXhCCaNOn","p":"","c":["","department","cheese","3365"],"i":false,"f":[[["",{"children":["(shop)",{"children":["(departments)",{"children":["department",{"children":[["name","cheese","d"],{"children":[["id","3365","d"],{"children":["__PAGE__",{}]}]}]}]}]}]},"$undefined","$undefined",true],["",["$","$1","c",{"children":[[["$","link","0",{"rel":"stylesheet","href":"/_next/static/css/1c0ce0c126a33e81.css","precedence":"next","crossOrigin":"$undefined","nonce":"$undefined"}]],["$","$L2",null,{"Component":"$3","slots":{"children":["$","$L4",null,{"parallelRouterKey":"children","segmentPath":["children"],"error":"$5","errorStyles":[],"errorScripts":[],"template":["$","$L6",null,{}],"templateStyles":"$undefined","templateScripts":"$undefined","notFound":[[],["$","$L7",null,{"name":"Sorry, the page you were looking for was not found."}]],"forbidden":"$undefined","unauthorized":"$undefined"}]},"params":{}}]]}],{"children":["(shop)",["$","$1","c",{"children":[null,"$L8"]}],{"children":["(departments)",["$","$1","c",{"children":[null,"$L9"]}],{"children":["department",["$","$1","c",{"children":[null,["$","$L4",null,{"parallelRouterKey":"children","segmentPath":["children","(shop)","children","(departments)","children","department","children"],"error":"$undefined","errorStyles":"$undefined","errorScripts":"$undefined","template":["$","$L6",null,{}],"templateStyles":"$undefined","templateScripts":"$undefined","notFound":"$undefined","forbidden":"$undefined","unauthorized":"$undefined"}]]}],{"children":[["name","cheese","d"],["$","$1","c",{"children":[null,["$","$L4",null,{"parallelRouterKey":"children","segmentPath":["children","(shop)","children","(departments)","children","department","children","$0:f:0:1:2:children:2:children:2:children:2:children:0","children"],"error":"$undefined","errorStyles":"$undefined","errorScripts":"$undefined","template":["$","$L6",null,{}],"templateStyles":"$undefined","templateScripts":"$undefined","notFound":"$undefined","forbidden":"$undefined","unauthorized":"$undefined"}]]}],{"children":[["id","3365","d"],["$","$1","c",{"children":[null,"$La"]}],{"children":["__PAGE__",["$","$1","c",{"children":["$Lb",null,["$","$Lc",null,{"children":"$Ld"}]]}],{},null,false]},[["$","$Le","l",{"className":"flex flex-col gap-4","children":[["$","$Le",null,{"className":"flex justify-between items-center","children":[["$","$Lf",null,{"gap":4,"children":[["$","$L10",null,{"children":["$","$L11",null,{"size":"sm","children":"On sale"}]}],["$","$L10",null,{"children":["$","$L11",null,{"size":"sm","children":"Brand"}]}],["$","$L10",null,{"children":["$","$L11",null,{"size":"sm","children":"Department"}]}],["$","$L10",null,{"children":["$","$L11",null,{"size":"sm","children":"Certification"}]}]]}],["$","$L12",null,{"children":["$","$L10",null,{"children":["$","$L11",null,{"size":"sm","children":"Sort by: Recommended"}]}]}]]}],["$","$L13",null,{"templateColumns":{"base":"repeat(3, 1fr)","lg":"repeat(5, 1fr)","xl":"repeat(6, 1fr)"},"gap":4,"children":[["$","$L14","0",{"children":["$","$L15",null,{"variant":"brand","size":"sm","children":["$","$L16",null,{"children":["$","$L17",null,{"direction":"column","gap":2,"children":[["$","$L10",null,{"style":{"width":"100%","height":128}}],["$","$L18",null,{"noOfLines":5}]]}]}]}]}],["$","$L14","1",{"children":["$","$L15",null,{"variant":"brand","size":"sm","children":["$","$L16",null,{"children":["$","$L17",null,{"direction":"column","gap":2,"children":[["$","$L10",null,{"style":{"width":"100%","height":128}}],["$","$L18",null,{"noOfLines":5}]]}]}]}]}],["$","$L14","2",{"children":["$","$L15",null,{"variant":"brand","size":"sm","children":["$","$L16",null,{"children":["$","$L17",null,{"direction":"column","gap":2,"children":[["$","$L10",null,{"style":{"width":"100%","height":128}}],["$","$L18",null,{"noOfLines":5}]]}]}]}]}],["$","$L14","3",{"children":["$","$L15",null,{"variant":"brand","size":"sm","children":["$","$L16",null,{"children":["$","$L17",null,{"direction":"column","gap":2,"children":[["$","$L10",null,{"style":{"width":"100%","height":128}}],["$","$L18",null,{"noOfLines":5}]]}]}]}]}],["$","$L14","4",{"children":["$","$L15",null,{"variant":"brand","size":"sm","children":["$","$L16",null,{"children":["$","$L17",null,{"direction":"column","gap":2,"children":[["$","$L10",null,{"style":{"width":"100%","height":128}}],["$","$L18",null,{"noOfLines":5}]]}]}]}]}],["$","$L14","5",{"children":["$","$L15",null,{"variant":"brand","size":"sm","children":["$","$L16",null,{"children":["$","$L17",null,{"direction":"column","gap":2,"children":[["$","$L10",null,{"style":{"width":"100%","height":128}}],["$","$L18",null,{"noOfLines":5}]]}]}]}]}],["$","$L14","6",{"children":["$","$L15",null,{"variant":"brand","size":"sm","children":["$","$L16",null,{"children":["$","$L17",null,{"direction":"column","gap":2,"children":[["$","$L10",null,{"style":{"width":"100%","height":128}}],["$","$L18",null,{"noOfLines":5}]]}]}]}]}],["$","$L14","7",{"children":["$","$L15",null,{"variant":"brand","size":"sm","children":["$","$L16",null,{"children":["$","$L17",null,{"direction":"column","gap":2,"children":[["$","$L10",null,{"style":{"width":"100%","height":128}}],["$","$L18",null,{"noOfLines":5}]]}]}]}]}],["$","$L14","8",{"children":["$","$L15",null,{"variant":"brand","size":"sm","children":["$","$L16",null,{"children":["$","$L17",null,{"direction":"column","gap":2,"children":[["$","$L10",null,{"style":{"width":"100%","height":128}}],["$","$L18",null,{"noOfLines":5}]]}]}]}]}],["$","$L14","9",{"children":["$","$L15",null,{"variant":"brand","size":"sm","children":["$","$L16",null,{"children":["$","$L17",null,{"direction":"column","gap":2,"children":[["$","$L10",null,{"style":{"width":"100%","height":128}}],["$","$L18",null,{"noOfLines":5}]]}]}]}]}],["$","$L14","10",{"children":["$","$L15",null,{"variant":"brand","size":"sm","children":["$","$L16",null,{"children":["$","$L17",null,{"direction":"column","gap":2,"children":[["$","$L10",null,{"style":{"width":"100%","height":128}}],["$","$L18",null,{"noOfLines":5}]]}]}]}]}],["$","$L14","11",{"children":["$","$L15",null,{"variant":"brand","size":"sm","children":["$","$L16",null,{"children":["$","$L17",null,{"direction":"column","gap":2,"children":[["$","$L10",null,{"style":{"width":"100%","height":128}}],["$","$L18",null,{"noOfLines":5}]]}]}]}]}],["$","$L14","12",{"children":["$","$L15",null,{"variant":"brand","size":"sm","children":["$","$L16",null,{"children":["$","$L17",null,{"direction":"column","gap":2,"children":[["$","$L10",null,{"style":{"width":"100%","height":128}}],["$","$L18",null,{"noOfLines":5}]]}]}]}]}],["$","$L14","13",{"children":["$","$L15",null,{"variant":"brand","size":"sm","children":["$","$L16",null,{"children":["$","$L17",null,{"direction":"column","gap":2,"children":[["$","$L10",null,{"style":{"width":"100%","height":128}}],["$","$L18",null,{"noOfLines":5}]]}]}]}]}],["$","$L14","14",{"children":["$","$L15",null,{"variant":"brand","size":"sm","children":["$","$L16",null,{"children":["$","$L17",null,{"direction":"column","gap":2,"children":[["$","$L10",null,{"style":{"width":"100%","height":128}}],["$","$L18",null,{"noOfLines":5}]]}]}]}]}],["$","$L14","15",{"children":["$","$L15",null,{"variant":"brand","size":"sm","children":["$","$L16",null,{"children":["$","$L17",null,{"direction":"column","gap":2,"children":[["$","$L10",null,{"style":{"width":"100%","height":128}}],["$","$L18",null,{"noOfLines":5}]]}]}]}]}],["$","$L14","16",{"children":["$","$L15",null,{"variant":"brand","size":"sm","children":["$","$L16",null,{"children":["$","$L17",null,{"direction":"column","gap":2,"children":[["$","$L10",null,{"style":{"width":"100%","height":128}}],["$","$L18",null,{"noOfLines":5}]]}]}]}]}],["$","$L14","17",{"children":["$","$L15",null,{"variant":"brand","size":"sm","children":["$","$L16",null,{"children":["$","$L17",null,{"direction":"column","gap":2,"children":[["$","$L10",null,{"style":{"width":"100%","height":128}}],["$","$L18",null,{"noOfLines":5}]]}]}]}]}],["$","$L14","18",{"children":["$","$L15",null,{"variant":"brand","size":"sm","children":["$","$L16",null,{"children":["$","$L17",null,{"direction":"column","gap":2,"children":[["$","$L10",null,{"style":{"width":"100%","height":128}}],["$","$L18",null,{"noOfLines":5}]]}]}]}]}],["$","$L14","19",{"children":["$","$L15",null,{"variant":"brand","size":"sm","children":["$","$L16",null,{"children":["$","$L17",null,{"direction":"column","gap":2,"children":[["$","$L10",null,{"style":{"width":"100%","height":128}}],["$","$L18",null,{"noOfLines":5}]]}]}]}]}],["$","$L14","20",{"children":["$","$L15",null,{"variant":"brand","size":"sm","children":["$","$L16",null,{"children":["$","$L17",null,{"direction":"column","gap":2,"children":[["$","$L10",null,{"style":{"width":"100%","height":128}}],["$","$L18",null,{"noOfLines":5}]]}]}]}]}],["$","$L14","21",{"children":["$","$L15",null,{"variant":"brand","size":"sm","children":["$","$L16",null,{"children":["$","$L17",null,{"direction":"column","gap":2,"children":[["$","$L10",null,{"style":{"width":"100%","height":128}}],["$","$L18",null,{"noOfLines":5}]]}]}]}]}],["$","$L14","22",{"children":["$","$L15",null,{"variant":"brand","size":"sm","children":["$","$L16",null,{"children":["$","$L17",null,{"direction":"column","gap":2,"children":[["$","$L10",null,{"style":{"width":"100%","height":128}}],["$","$L18",null,{"noOfLines":5}]]}]}]}]}],["$","$L14","23",{"children":["$","$L15",null,{"variant":"brand","size":"sm","children":["$","$L16",null,{"children":["$","$L17",null,{"direction":"column","gap":2,"children":[["$","$L10",null,{"style":{"width":"100%","height":128}}],["$","$L18",null,{"noOfLines":5}]]}]}]}]}],["$","$L14","24",{"children":["$","$L15",null,{"variant":"brand","size":"sm","children":["$","$L16",null,{"children":["$","$L17",null,{"direction":"column","gap":2,"children":[["$","$L10",null,{"style":{"width":"100%","height":128}}],["$","$L18",null,{"noOfLines":5}]]}]}]}]}],["$","$L14","25",{"children":["$","$L15",null,{"variant":"brand","size":"sm","children":["$","$L16",null,{"children":["$","$L17",null,{"direction":"column","gap":2,"children":[["$","$L10",null,{"style":{"width":"100%","height":128}}],["$","$L18",null,{"noOfLines":5}]]}]}]}]}],["$","$L14","26",{"children":["$","$L15",null,{"variant":"brand","size":"sm","children":["$","$L16",null,{"children":["$","$L17",null,{"direction":"column","gap":2,"children":[["$","$L10",null,{"style":{"width":"100%","height":128}}],["$","$L18",null,{"noOfLines":5}]]}]}]}]}],["$","$L14","27",{"children":["$","$L15",null,{"variant":"brand","size":"sm","children":["$","$L16",null,{"children":["$","$L17",null,{"direction":"column","gap":2,"children":[["$","$L10",null,{"style":{"width":"100%","height":128}}],["$","$L18",null,{"noOfLines":5}]]}]}]}]}],["$","$L14","28",{"children":["$","$L15",null,{"variant":"brand","size":"sm","children":["$","$L16",null,{"children":["$","$L17",null,{"direction":"column","gap":2,"children":[["$","$L10",null,{"style":{"width":"100%","height":128}}],["$","$L18",null,{"noOfLines":5}]]}]}]}]}],["$","$L14","29",{"children":["$","$L15",null,{"variant":"brand","size":"sm","children":["$","$L16",null,{"children":["$","$L17",null,{"direction":"column","gap":2,"children":[["$","$L10",null,{"style":{"width":"100%","height":128}}],["$","$L18",null,{"noOfLines":5}]]}]}]}]}],["$","$L14","30",{"children":["$","$L15",null,{"variant":"brand","size":"sm","children":["$","$L16",null,{"children":["$","$L17",null,{"direction":"column","gap":2,"children":[["$","$L10",null,{"style":{"width":"100%","height":128}}],["$","$L18",null,{"noOfLines":5}]]}]}]}]}],["$","$L14","31",{"children":["$","$L15",null,{"variant":"brand","size":"sm","children":["$","$L16",null,{"children":["$","$L17",null,{"direction":"column","gap":2,"children":[["$","$L10",null,{"style":{"width":"100%","height":128}}],["$","$L18",null,{"noOfLines":5}]]}]}]}]}],["$","$L14","32",{"children":["$","$L15",null,{"variant":"brand","size":"sm","children":["$","$L16",null,{"children":["$","$L17",null,{"direction":"column","gap":2,"children":[["$","$L10",null,{"style":{"width":"100%","height":128}}],["$","$L18",null,{"noOfLines":5}]]}]}]}]}],["$","$L14","33",{"children":["$","$L15",null,{"variant":"brand","size":"sm","children":["$","$L16",null,{"children":["$","$L17",null,{"direction":"column","gap":2,"children":[["$","$L10",null,{"style":{"width":"100%","height":128}}],["$","$L18",null,{"noOfLines":5}]]}]}]}]}],["$","$L14","34",{"children":["$","$L15",null,{"variant":"brand","size":"sm","children":["$","$L16",null,{"children":["$","$L17",null,{"direction":"column","gap":2,"children":[["$","$L10",null,{"style":{"width":"100%","height":128}}],["$","$L18",null,{"noOfLines":5}]]}]}]}]}],["$","$L14","35",{"children":["$","$L15",null,{"variant":"brand","size":"sm","children":["$","$L16",null,{"children":["$","$L17",null,{"direction":"column","gap":2,"children":[["$","$L10",null,{"style":{"width":"100%","height":128}}],["$","$L18",null,{"noOfLines":5}]]}]}]}]}],["$","$L14","36",{"children":["$","$L15",null,{"variant":"brand","size":"sm","children":["$","$L16",null,{"children":["$","$L17",null,{"direction":"column","gap":2,"children":[["$","$L10",null,{"style":{"width":"100%","height":128}}],["$","$L18",null,{"noOfLines":5}]]}]}]}]}],["$","$L14","37",{"children":["$","$L15",null,{"variant":"brand","size":"sm","children":["$","$L16",null,{"children":["$","$L17",null,{"direction":"column","gap":2,"children":[["$","$L10",null,{"style":{"width":"100%","height":128}}],["$","$L18",null,{"noOfLines":5}]]}]}]}]}],["$","$L14","38",{"children":["$","$L15",null,{"variant":"brand","size":"sm","children":["$","$L16",null,{"children":["$","$L17",null,{"direction":"column","gap":2,"children":[["$","$L10",null,{"style":{"width":"100%","height":128}}],["$","$L18",null,{"noOfLines":5}]]}]}]}]}],["$","$L14","39",{"children":["$","$L15",null,{"variant":"brand","size":"sm","children":["$","$L16",null,{"children":["$","$L17",null,{"direction":"column","gap":2,"children":[["$","$L10",null,{"style":{"width":"100%","height":128}}],["$","$L18",null,{"noOfLines":5}]]}]}]}]}]]}]]}],[],[]],false]},null,false]},null,false]},null,false]},null,false]},null,false],["$","$1","h",{"children":[null,["$","$1","nRnog2Q9zpllFP6IPl8pD",{"children":[["$","$L19",null,{"children":"$L1a"}],["$","$L1b",null,{"children":"$L1c"}],["$","meta",null,{"name":"next-size-adjust","content":""}]]}]]}],false]],"m":"$undefined","G":["$1d","$undefined"],"s":false,"S":false}\n',
            ]);
        </script>
        <script>
            self.__next_f.push([
                1,
                'a:["$","$L17",null,{"direction":"column","gap":6,"children":[["$","$L1e",null,{"as":"h3","size":"sm","children":"Cheese"}],["$","$L4",null,{"parallelRouterKey":"children","segmentPath":["children","(shop)","children","(departments)","children","department","children","$0:f:0:1:2:children:2:children:2:children:2:children:0","children","$0:f:0:1:2:children:2:children:2:children:2:children:2:children:0","children"],"error":"$undefined","errorStyles":"$undefined","errorScripts":"$undefined","template":["$","$L6",null,{}],"templateStyles":"$undefined","templateScripts":"$undefined","notFound":[[],["$","$L1e",null,{"size":"md","as":"h2","children":"Category products not found"}]],"forbidden":"$undefined","unauthorized":"$undefined"}]]}]\n1c:[["$","meta","0",{"name":"viewport","content":"width=device-width, initial-scale=1"}]]\n',
            ]);
        </script>
        <script>
            self.__next_f.push([
                1,
                '1a:[["$","meta","0",{"charSet":"utf-8"}],["$","title","1",{"children":"Cheetah by Kimelo | Cheese"}],["$","meta","2",{"name":"robots","content":"index, follow"}],["$","meta","3",{"property":"og:title","content":"Cheetah by Kimelo | Cheese"}],["$","meta","4",{"property":"og:image:type","content":"image/png"}],["$","meta","5",{"property":"og:image:width","content":"1200"}],["$","meta","6",{"property":"og:image:height","content":"630"}],["$","meta","7",{"property":"og:image","content":"https://shop.kimelo.com/opengraph-image.png?8b4aeb0d5183ab8a"}],["$","meta","8",{"name":"twitter:card","content":"summary_large_image"}],["$","meta","9",{"name":"twitter:title","content":"Cheetah by Kimelo | Cheese"}],["$","meta","10",{"name":"twitter:image:type","content":"image/png"}],["$","meta","11",{"name":"twitter:image:width","content":"1200"}],["$","meta","12",{"name":"twitter:image:height","content":"630"}],["$","meta","13",{"name":"twitter:image","content":"https://shop.kimelo.com/opengraph-image.png?8b4aeb0d5183ab8a"}],["$","link","14",{"rel":"icon","href":"/icon.png?b0eaa91c0bfc94a4","type":"image/png","sizes":"519x429"}]]\nd:null\n',
            ]);
        </script>
        <script>
            self.__next_f.push([
                1,
                '1f:I[76112,["1287","static/chunks/app/(shop)/layout-f757d11c19b67ae8.js"],"default"]\n20:I[58470,["1287","static/chunks/app/(shop)/layout-f757d11c19b67ae8.js"],"default"]\n21:I[89868,["1287","static/chunks/app/(shop)/layout-f757d11c19b67ae8.js"],"default"]\n22:I[84518,["4798","static/chunks/app/(shop)/(departments)/department/%5Bname%5D/%5Bid%5D/page-f136cfeca333deb7.js"],"default"]\n23:I[45389,["1129","static/chunks/app/(shop)/(departments)/department/%5Bname%5D/%5Bid%5D/not-found-2787bc13c7d4eb2b.js"],"Container"]\n24:I[33589,["1287","static/chunks/app/(shop)/layout-f757d11c19b67ae8.js"],"default"]\n25:I[6839,["1287","static/chunks/app/(shop)/layout-f757d11c19b67ae8.js"],"default"]\n26:I[49243,["1287","static/chunks/app/(shop)/layout-f757d11c19b67ae8.js"],"default"]\n27:I[60367,["1287","static/chunks/app/(shop)/layout-f757d11c19b67ae8.js"],"default"]\n',
            ]);
        </script>
        <script>
            self.__next_f.push([
                1,
                '8:["$","$L1f",null,{"store":{"__typename":"Store","id":18,"name":"Cheetah SFO1","vendor":{"__typename":"Vendor","id":7,"name":"Cheetah","settings":{"__typename":"VendorSettings","showLowestVariantPrice":true,"barcodeScanner":false,"disabledPlatformPayments":false},"image":{"__typename":"VendorImage","id":247013,"url":"https://cheetah-public.s3.us-east-1.amazonaws.com/static_images/paf.png","hqUrl":"https://cheetah-public.s3.us-east-1.amazonaws.com/static_images/paf.png"}}},"children":["$","$L20",null,{"userFragment":"$undefined","children":["$","$L21",null,{"children":[["$","$L22",null,{"variables":{"includeUser":false},"result":{"data":{"restaurant":{"__typename":"Restaurant","id":217739,"currentStore":"$8:props:store"}},"loading":false,"networkStatus":7},"queryName":"QUERY_STORE"}],false,["$","$L23",null,{"maxW":"container.full","minW":"container.md","px":0,"children":["$","$L13",null,{"templateAreas":"\\"header header\\"\\n                  \\"nav main\\"\\n                  ","gridTemplateRows":"auto 1fr","gridTemplateColumns":"230px minmax(0, 1fr)","gap":"1","className":"border-x border-b border-x-gray-200","children":[["$","$L14",null,{"pl":"6","pr":"4","area":"header","className":"sticky top-0 bg-white z-50 h-20 border-b border-b-gray-200","children":["$","$L13",null,{"gridTemplateColumns":{"base":"repeat(5, minmax(0, 1fr))","lg":"repeat(3, minmax(0, 1fr))"},"gridTemplateRows":"1","className":"h-full","alignItems":"center","gap":4,"children":[["$","$L14",null,{"className":"h-full","children":["$","$L17",null,{"h":"100%","gap":{"base":2,"lg":8},"alignItems":"stretch","children":[["$","$L24",null,{}],["$","$L17",null,{"h":"100%","py":3,"children":["$","$L25",null,{"vendor":"$8:props:store:vendor"}]}]]}]}],["$","$L14",null,{"colSpan":{"base":2,"lg":1},"children":["$","$L26",null,{}]}],["$","$L14",null,{"justifySelf":"end","maxW":"100%","colSpan":{"base":2,"lg":1},"children":["$","$L27",null,{}]}]]}]}],["$","$L4",null,{"parallelRouterKey":"children","segmentPath":["children","(shop)","children"],"error":"$undefined","errorStyles":"$undefined","errorScripts":"$undefined","template":["$","$L6",null,{}],"templateStyles":"$undefined","templateScripts":"$undefined","notFound":[[],["$","$L7",null,{"name":"Sorry, the page you were looking for was not found."}]],"forbidden":"$undefined","unauthorized":"$undefined"}]]}]}]]}]}]}]\n',
            ]);
        </script>
        <script>
            self.__next_f.push([
                1,
                '28:I[61883,["4798","static/chunks/app/(shop)/(departments)/department/%5Bname%5D/%5Bid%5D/page-f136cfeca333deb7.js"],"default"]\n29:I[99404,["4798","static/chunks/app/(shop)/(departments)/department/%5Bname%5D/%5Bid%5D/page-f136cfeca333deb7.js"],"default"]\n',
            ]);
        </script>
        <script>
            self.__next_f.push([
                1,
                'b:[["$","$L22",null,{"variables":{"filters":{},"categoryId":3365,"per":24,"uniqueId":""},"result":{"data":{"search":{"__typename":"SearchResult","data":[{"__typename":"Product","id":181444,"sku":"124254","catalogName":"Cheese, Mozzarella, Wmlm, Feather Shred, Nb, 4/5 Lb - 124254","fullName":"Cheese, Mozzarella, Wmlm, Feather Shred, Nb, 4/5 Lb - 124254","brand":"North Beach","customerExpectedDate":1746705600,"atp":true,"inStock":true,"jit":false,"upcs":["124254"],"discontinued":false,"catchweightItem":false,"groupedByCategoryName":"Cheese","nextReceiveDate":null,"specs":[],"variants":[{"__typename":"Variant","id":146562,"price":5398,"packageType":"unit","quantityDescription":"","itemsCount":1,"weight":20,"dimensions":{"__typename":"Dimensions","length":1,"width":1,"height":1},"currentVariantPricing":{"__typename":"VariantPricing","id":563342,"priceLevels":[{"__typename":"PriceLevel","price":5398,"quantity":0,"discountedPrice":null,"catchweightPrice":null,"context":{"__typename":"PriceLevelContext","price":270,"uom":"lb"}}]},"images":[{"__typename":"Image","id":239084,"url":"https://d3tlizm80tjdt4.cloudfront.net/remote_images/image/2114/small/b41784f854f03efedc29d73d0a248d0dac389d704b7101205d.jpg","hqUrl":"https://d3tlizm80tjdt4.cloudfront.net/remote_images/image/2114/large/4dee849cad9d6cf6ae699ee48676465f81ceff9300ee219365.jpg","priority":1}]}]},{"__typename":"Product","id":165858,"sku":"103674","catalogName":"Cheese, American, 120 Slice, Yellow, (4) 5 Lb - 103674","fullName":"Cheese, American, 120 Slice, Yellow, (4) 5 Lb - 103674","brand":"Schreiber","customerExpectedDate":1746705600,"atp":true,"inStock":true,"jit":false,"upcs":["103674"],"discontinued":false,"catchweightItem":false,"groupedByCategoryName":"Cheese","nextReceiveDate":null,"specs":[],"variants":[{"__typename":"Variant","id":125148,"price":6703,"packageType":"case","quantityDescription":"","itemsCount":4,"weight":5.15,"dimensions":{"__typename":"Dimensions","length":1,"width":1,"height":1},"currentVariantPricing":{"__typename":"VariantPricing","id":563403,"priceLevels":[{"__typename":"PriceLevel","price":6704,"quantity":0,"discountedPrice":null,"catchweightPrice":null,"context":{"__typename":"PriceLevelContext","price":335,"uom":"lb"}}]},"images":[]},{"__typename":"Variant","id":125147,"price":1676,"packageType":"unit","quantityDescription":"","itemsCount":1,"weight":1.2875,"dimensions":{"__typename":"Dimensions","length":1,"width":1,"height":1},"currentVariantPricing":{"__typename":"VariantPricing","id":563402,"priceLevels":[{"__typename":"PriceLevel","price":1676,"quantity":0,"discountedPrice":null,"catchweightPrice":null,"context":{"__typename":"PriceLevelContext","price":335,"uom":"lb"}}]},"images":[{"__typename":"Image","id":226079,"url":"https://d3tlizm80tjdt4.cloudfront.net/image/15196/image/sm-af4d520ed6ba1c0a2c2dbddaffd35ce4.png","hqUrl":"https://d3tlizm80tjdt4.cloudfront.net/image/15196/image/lg-ccdbd02d1c7dbbf81495e73e21088efc.png","priority":0}]}]},{"__typename":"Product","id":166019,"sku":"106832","catalogName":"Cheese, Cheddar, Shredded, Fancy, Mild, (4) - 106832","fullName":"Cheese, Cheddar, Shredded, Fancy, Mild, (4) - 106832","brand":"Cheswick","customerExpectedDate":1746705600,"atp":true,"inStock":true,"jit":false,"upcs":["106832"],"discontinued":false,"catchweightItem":false,"groupedByCategoryName":"Cheese","nextReceiveDate":null,"specs":[],"variants":[{"__typename":"Variant","id":125384,"price":6586,"packageType":"case","quantityDescription":"","itemsCount":4,"weight":5,"dimensions":{"__typename":"Dimensions","length":1,"width":1,"height":1},"currentVariantPricing":{"__typename":"VariantPricing","id":563289,"priceLevels":[{"__typename":"PriceLevel","price":6584,"quantity":0,"discountedPrice":null,"catchweightPrice":null,"context":{"__typename":"PriceLevelContext","price":329,"uom":"lb"}}]},"images":[{"__typename":"Image","id":226072,"url":"https://d3tlizm80tjdt4.cloudfront.net/image/3523/image/sm-8c0633f6cbe02f5223ebf8dccd214838.jpg","hqUrl":"https://d3tlizm80tjdt4.cloudfront.net/image/3523/image/lg-90fd6ac8b80a54f0d88d5efcfa684530.jpg","priority":2}]},{"__typename":"Variant","id":125385,"price":1646,"packageType":"unit","quantityDescription":"","itemsCount":1,"weight":1.25,"dimensions":{"__typename":"Dimensions","length":1,"width":1,"height":1},"currentVariantPricing":{"__typename":"VariantPricing","id":563290,"priceLevels":[{"__typename":"PriceLevel","price":1646,"quantity":0,"discountedPrice":null,"catchweightPrice":null,"context":{"__typename":"PriceLevelContext","price":329,"uom":"lb"}}]},"images":[{"__typename":"Image","id":226073,"url":"https://d3tlizm80tjdt4.cloudfront.net/image/15193/image/sm-dba02abeba78ee707501f521a0557481.png","hqUrl":"https://d3tlizm80tjdt4.cloudfront.net/image/15193/image/lg-f91e5365097700b7f1a0e2a80e51be11.png","priority":0},{"__typename":"Image","id":226074,"url":"https://d3tlizm80tjdt4.cloudfront.net/image/11508/image/sm-055bb8294fde524216aa47e922a75c1c.jpeg","hqUrl":"https://d3tlizm80tjdt4.cloudfront.net/image/11508/image/lg-8d9b52fb082b69cb158e8ac6ea5d9633.jpeg","priority":1}]}]},{"__typename":"Product","id":165265,"sku":"103600","catalogName":"Cheese, Cheddar, Mild, Sliced, (8) - 103600","fullName":"Cheese, Cheddar, Mild, Sliced, (8) - 103600","brand":"California Select Farms","customerExpectedDate":1746705600,"atp":true,"inStock":true,"jit":false,"upcs":["103600"],"discontinued":false,"catchweightItem":false,"groupedByCategoryName":"Cheese","nextReceiveDate":null,"specs":[],"variants":[{"__typename":"Variant","id":124224,"price":689,"packageType":"unit","quantityDescription":"","itemsCount":1,"weight":0.1875,"dimensions":{"__typename":"Dimensions","length":1,"width":1,"height":1},"currentVariantPricing":{"__typename":"VariantPricing","id":563400,"priceLevels":[{"__typename":"PriceLevel","price":689,"quantity":0,"discountedPrice":null,"catchweightPrice":null,"context":{"__typename":"PriceLevelContext","price":459,"uom":"lb"}}]},"images":[{"__typename":"Image","id":202712,"url":"https://d3tlizm80tjdt4.cloudfront.net/image/8965/image/sm-137bd810e22f0b816f7a749f30bb60f4.jpeg","hqUrl":"https://d3tlizm80tjdt4.cloudfront.net/image/8965/image/lg-2c439c61f5634bb8614026bdbaa6c447.jpeg","priority":0}]},{"__typename":"Variant","id":124225,"price":5515,"packageType":"case","quantityDescription":"","itemsCount":8,"weight":1.5,"dimensions":{"__typename":"Dimensions","length":1,"width":1,"height":1},"currentVariantPricing":{"__typename":"VariantPricing","id":563401,"priceLevels":[{"__typename":"PriceLevel","price":5512,"quantity":0,"discountedPrice":null,"catchweightPrice":null,"context":{"__typename":"PriceLevelContext","price":459,"uom":"lb"}}]},"images":[]}]},{"__typename":"Product","id":176310,"sku":"111522","catalogName":"Cheese, Parmesan, Grated, Imported, (4) 5 Lb - 111522","fullName":"Cheese, Parmesan, Grated, Imported, (4) 5 Lb - 111522","brand":"Galbani","customerExpectedDate":1746705600,"atp":true,"inStock":true,"jit":false,"upcs":["111522"],"discontinued":false,"catchweightItem":false,"groupedByCategoryName":"Cheese","nextReceiveDate":null,"specs":[],"variants":[{"__typename":"Variant","id":141097,"price":12071,"packageType":"case","quantityDescription":"","itemsCount":4,"weight":5,"dimensions":{"__typename":"Dimensions","length":1,"width":1,"height":1},"currentVariantPricing":{"__typename":"VariantPricing","id":559285,"priceLevels":[{"__typename":"PriceLevel","price":12072,"quantity":0,"discountedPrice":null,"catchweightPrice":null,"context":{"__typename":"PriceLevelContext","price":604,"uom":"lb"}}]},"images":[]},{"__typename":"Variant","id":141098,"price":3018,"packageType":"unit","quantityDescription":"","itemsCount":1,"weight":1.25,"dimensions":{"__typename":"Dimensions","length":1,"width":1,"height":1},"currentVariantPricing":{"__typename":"VariantPricing","id":559284,"priceLevels":[{"__typename":"PriceLevel","price":3018,"quantity":0,"discountedPrice":null,"catchweightPrice":null,"context":{"__typename":"PriceLevelContext","price":604,"uom":"lb"}}]},"images":[{"__typename":"Image","id":218973,"url":"https://d3tlizm80tjdt4.cloudfront.net/image/10794/image/sm-313ae66972cd7064da6bcf09c337ae5a.png","hqUrl":"https://d3tlizm80tjdt4.cloudfront.net/image/10794/image/lg-618f90d84d902bbb4115a3d709264c93.png","priority":0}]}]},{"__typename":"Product","id":165688,"sku":"106816","catalogName":"Cheese, Parmesan, Shaved, (4) 5 Lb - 106816","fullName":"Cheese, Parmesan, Shaved, (4) 5 Lb - 106816","brand":"Galbani","customerExpectedDate":1746705600,"atp":true,"inStock":true,"jit":false,"upcs":["106816"],"discontinued":false,"catchweightItem":false,"groupedByCategoryName":"Cheese","nextReceiveDate":null,"specs":[],"variants":[{"__typename":"Variant","id":124879,"price":2644,"packageType":"unit","quantityDescription":"","itemsCount":1,"weight":1.25,"dimensions":{"__typename":"Dimensions","length":1,"width":1,"height":1},"currentVariantPricing":{"__typename":"VariantPricing","id":559097,"priceLevels":[{"__typename":"PriceLevel","price":2644,"quantity":0,"discountedPrice":null,"catchweightPrice":null,"context":{"__typename":"PriceLevelContext","price":529,"uom":"lb"}}]},"images":[{"__typename":"Image","id":204555,"url":"https://d3tlizm80tjdt4.cloudfront.net/image/2865/image/sm-7f83700059c075a212d5756e9c4e7073.jpg","hqUrl":"https://d3tlizm80tjdt4.cloudfront.net/image/2865/image/lg-6b1c2aa042c05d5f96842ec63a5e8707.jpg","priority":0}]},{"__typename":"Variant","id":124880,"price":10574,"packageType":"case","quantityDescription":"","itemsCount":4,"weight":5,"dimensions":{"__typename":"Dimensions","length":1,"width":1,"height":1},"currentVariantPricing":{"__typename":"VariantPricing","id":559096,"priceLevels":[{"__typename":"PriceLevel","price":10576,"quantity":0,"discountedPrice":null,"catchweightPrice":null,"context":{"__typename":"PriceLevelContext","price":529,"uom":"lb"}}]},"images":[]}]},{"__typename":"Product","id":170982,"sku":"108718","catalogName":"Cheese, Ricotta, (4) 5lb - 108718","fullName":"Cheese, Ricotta, (4) 5lb - 108718","brand":"Galbani","customerExpectedDate":1746705600,"atp":true,"inStock":true,"jit":false,"upcs":["108718"],"discontinued":false,"catchweightItem":false,"groupedByCategoryName":"Cheese","nextReceiveDate":null,"specs":[],"variants":[{"__typename":"Variant","id":132938,"price":1689,"packageType":"unit","quantityDescription":"","itemsCount":1,"weight":1.25,"dimensions":{"__typename":"Dimensions","length":1,"width":1,"height":1},"currentVariantPricing":{"__typename":"VariantPricing","id":559412,"priceLevels":[{"__typename":"PriceLevel","price":1689,"quantity":0,"discountedPrice":null,"catchweightPrice":null,"context":{"__typename":"PriceLevelContext","price":338,"uom":"lb"}}]},"images":[{"__typename":"Image","id":226112,"url":"https://d3tlizm80tjdt4.cloudfront.net/image/15218/image/sm-466292604c156f994ceac17cbcf40f9e.png","hqUrl":"https://d3tlizm80tjdt4.cloudfront.net/image/15218/image/lg-7fa5470dac1a2b61dd719873dbfca17a.png","priority":0},{"__typename":"Image","id":226113,"url":"https://d3tlizm80tjdt4.cloudfront.net/image/6471/image/sm-bda6386bbd05798cc8a74996b2cc845a.jpg","hqUrl":"https://d3tlizm80tjdt4.cloudfront.net/image/6471/image/lg-f451399c0d1457359d9d38cc23194c15.jpg","priority":1}]},{"__typename":"Variant","id":132937,"price":6756,"packageType":"case","quantityDescription":"","itemsCount":4,"weight":5,"dimensions":{"__typename":"Dimensions","length":1,"width":1,"height":1},"currentVariantPricing":{"__typename":"VariantPricing","id":559411,"priceLevels":[{"__typename":"PriceLevel","price":6756,"quantity":0,"discountedPrice":null,"catchweightPrice":null,"context":{"__typename":"PriceLevelContext","price":338,"uom":"lb"}}]},"images":[{"__typename":"Image","id":219005,"url":"https://d3tlizm80tjdt4.cloudfront.net/image/6472/image/sm-408b1ffb5afd1e90810c60ec8e96c810.jpg","hqUrl":"https://d3tlizm80tjdt4.cloudfront.net/image/6472/image/lg-162c9f2ec1882e6e74db4811f5a09b00.jpg","priority":2}]}]},{"__typename":"Product","id":165855,"sku":"103664","catalogName":"Cheese, Shredded, Jack \u0026 Cheddar Blend, Fancy, (4) 5 Lb - 103664","fullName":"Cheese, Shredded, Jack \u0026 Cheddar Blend, Fancy, (4) 5 Lb - 103664","brand":"Packer","customerExpectedDate":1746705600,"atp":true,"inStock":true,"jit":false,"upcs":["103664"],"discontinued":false,"catchweightItem":false,"groupedByCategoryName":"Cheese","nextReceiveDate":null,"specs":[],"variants":[{"__typename":"Variant","id":125144,"price":1471,"packageType":"unit","quantityDescription":"","itemsCount":1,"weight":1.25,"dimensions":{"__typename":"Dimensions","length":1,"width":1,"height":1},"currentVariantPricing":{"__typename":"VariantPricing","id":563416,"priceLevels":[{"__typename":"PriceLevel","price":1471,"quantity":0,"discountedPrice":null,"catchweightPrice":null,"context":{"__typename":"PriceLevelContext","price":294,"uom":"lb"}}]},"images":[{"__typename":"Image","id":244055,"url":"https://d3tlizm80tjdt4.cloudfront.net/remote_images/image/7672/small/63a1d4191c5e3258376922c1599c780ef012ec6bf3828fa409.jpg","hqUrl":"https://d3tlizm80tjdt4.cloudfront.net/remote_images/image/7672/large/005693eacab8eab59ac07874da7b7c1945a605d60a01410ccf.jpg","priority":0}]},{"__typename":"Variant","id":125143,"price":5885,"packageType":"case","quantityDescription":"","itemsCount":4,"weight":5,"dimensions":{"__typename":"Dimensions","length":1,"width":1,"height":1},"currentVariantPricing":{"__typename":"VariantPricing","id":563415,"priceLevels":[{"__typename":"PriceLevel","price":5884,"quantity":0,"discountedPrice":null,"catchweightPrice":null,"context":{"__typename":"PriceLevelContext","price":294,"uom":"lb"}}]},"images":[{"__typename":"Image","id":219864,"url":"https://d3tlizm80tjdt4.cloudfront.net/image/1466/image/sm-9dc182a80808a1c180aad5abe924c572.jpg","hqUrl":"https://d3tlizm80tjdt4.cloudfront.net/image/1466/image/lg-c3c5f170debaa298c91407279e11bc1d.jpg","priority":1}]}]},{"__typename":"Product","id":165854,"sku":"103663","catalogName":"Cheese, Cream, Loaf, Philadelphia, (6) 3 Lb - 103663","fullName":"Cheese, Cream, Loaf, Philadelphia, (6) 3 Lb - 103663","brand":"Philadelphia","customerExpectedDate":1746705600,"atp":true,"inStock":true,"jit":false,"upcs":["103663"],"discontinued":false,"catchweightItem":false,"groupedByCategoryName":"Cheese","nextReceiveDate":null,"specs":[],"variants":[{"__typename":"Variant","id":125139,"price":9675,"packageType":"case","quantityDescription":"","itemsCount":6,"weight":3,"dimensions":{"__typename":"Dimensions","length":1,"width":1,"height":1},"currentVariantPricing":{"__typename":"VariantPricing","id":543900,"priceLevels":[{"__typename":"PriceLevel","price":9678,"quantity":0,"discountedPrice":null,"catchweightPrice":null,"context":{"__typename":"PriceLevelContext","price":538,"uom":"lb"}}]},"images":[{"__typename":"Image","id":241789,"url":"https://d3tlizm80tjdt4.cloudfront.net/image/1545/image/sm-57a0a958f4f4717c1bba1b6ea1376e12.jpg","hqUrl":"https://d3tlizm80tjdt4.cloudfront.net/image/1545/image/lg-b4c12a0da1cff4c43428fb0891f7333a.jpg","priority":1}]},{"__typename":"Variant","id":125140,"price":1612,"packageType":"unit","quantityDescription":"","itemsCount":1,"weight":0.5,"dimensions":{"__typename":"Dimensions","length":1,"width":1,"height":1},"currentVariantPricing":{"__typename":"VariantPricing","id":543901,"priceLevels":[{"__typename":"PriceLevel","price":1613,"quantity":0,"discountedPrice":null,"catchweightPrice":null,"context":{"__typename":"PriceLevelContext","price":538,"uom":"lb"}}]},"images":[{"__typename":"Image","id":241788,"url":"https://d3tlizm80tjdt4.cloudfront.net/image/1544/image/sm-b2bb50a2b1ae90153c2401ff9f0214df.jpg","hqUrl":"https://d3tlizm80tjdt4.cloudfront.net/image/1544/image/lg-62acd778688bb78c7979e4c40439f9df.jpg","priority":0}]}]},{"__typename":"Product","id":182368,"sku":"124829","catalogName":"Cheese, Jack Pepper, Sliced, (8) 1.5 Lb 124829","fullName":"Cheese, Jack Pepper, Sliced, (8) 1.5 Lb 124829","brand":"Cal Premium","customerExpectedDate":1746705600,"atp":true,"inStock":true,"jit":false,"upcs":["124829"],"discontinued":false,"catchweightItem":false,"groupedByCategoryName":"Cheese","nextReceiveDate":null,"specs":[],"variants":[{"__typename":"Variant","id":147536,"price":672,"packageType":"unit","quantityDescription":"","itemsCount":1,"weight":0.1875,"dimensions":{"__typename":"Dimensions","length":1,"width":1,"height":1},"currentVariantPricing":{"__typename":"VariantPricing","id":563347,"priceLevels":[{"__typename":"PriceLevel","price":672,"quantity":0,"discountedPrice":null,"catchweightPrice":null,"context":{"__typename":"PriceLevelContext","price":448,"uom":"lb"}}]},"images":[{"__typename":"Image","id":241738,"url":"https://d3tlizm80tjdt4.cloudfront.net/remote_images/image/5723/small/63b0ef7755de74914c5a50da256581d0721f73912ee4923b21.jpg","hqUrl":"https://d3tlizm80tjdt4.cloudfront.net/remote_images/image/5723/large/634d3ddc937414044a0ad44e41adcdbc32a5938271c72b1e60.jpg","priority":1}]},{"__typename":"Variant","id":147535,"price":5374,"packageType":"case","quantityDescription":"","itemsCount":8,"weight":1.5,"dimensions":{"__typename":"Dimensions","length":1,"width":1,"height":1},"currentVariantPricing":{"__typename":"VariantPricing","id":563346,"priceLevels":[{"__typename":"PriceLevel","price":5376,"quantity":0,"discountedPrice":null,"catchweightPrice":null,"context":{"__typename":"PriceLevelContext","price":448,"uom":"lb"}}]},"images":[]}]},{"__typename":"Product","id":202793,"sku":"374574","catalogName":"Cheese, Paneer, Gopi, 4/5 Lb","fullName":"Cheese, Paneer, Gopi, 4/5 Lb","brand":"Gopi","customerExpectedDate":1746705600,"atp":true,"inStock":true,"jit":false,"upcs":["374574"],"discontinued":false,"catchweightItem":false,"groupedByCategoryName":"Cheese","nextReceiveDate":null,"specs":[],"variants":[{"__typename":"Variant","id":169164,"price":7510,"packageType":"unit","quantityDescription":"","itemsCount":1,"weight":20,"dimensions":{"__typename":"Dimensions","length":1,"width":1,"height":1},"currentVariantPricing":{"__typename":"VariantPricing","id":529189,"priceLevels":[{"__typename":"PriceLevel","price":7510,"quantity":0,"discountedPrice":null,"catchweightPrice":null,"context":{"__typename":"PriceLevelContext","price":376,"uom":"Lb"}}]},"images":[{"__typename":"Image","id":249305,"url":"https://d3tlizm80tjdt4.cloudfront.net/remote_images/image/10816/small/2048920d241626bd3bad46e85780c82aa9ba11b23f92f26222.jpg","hqUrl":"https://d3tlizm80tjdt4.cloudfront.net/remote_images/image/10816/large/3c94f5044eafd3ac072f370531a05c7ec9b910c8ebf7d8fc1c.jpg","priority":0}]}]},{"__typename":"Product","id":165282,"sku":"103670","catalogName":"Cheese, Cheddar, Mild, Loaf, (8) 5 Lb - 103670","fullName":"Cheese, Cheddar, Mild, Loaf, (8) 5 Lb - 103670","brand":"Cheswick","customerExpectedDate":1746705600,"atp":true,"inStock":true,"jit":false,"upcs":["103670"],"discontinued":false,"catchweightItem":false,"groupedByCategoryName":"Cheese","nextReceiveDate":null,"specs":[],"variants":[{"__typename":"Variant","id":124258,"price":13595,"packageType":"case","quantityDescription":"","itemsCount":8,"weight":5,"dimensions":{"__typename":"Dimensions","length":1,"width":1,"height":1},"currentVariantPricing":{"__typename":"VariantPricing","id":563408,"priceLevels":[{"__typename":"PriceLevel","price":13592,"quantity":0,"discountedPrice":null,"catchweightPrice":null,"context":{"__typename":"PriceLevelContext","price":340,"uom":"lb"}}]},"images":[]},{"__typename":"Variant","id":124259,"price":1699,"packageType":"unit","quantityDescription":"","itemsCount":1,"weight":0.625,"dimensions":{"__typename":"Dimensions","length":1,"width":1,"height":1},"currentVariantPricing":{"__typename":"VariantPricing","id":563409,"priceLevels":[{"__typename":"PriceLevel","price":1699,"quantity":0,"discountedPrice":null,"catchweightPrice":null,"context":{"__typename":"PriceLevelContext","price":340,"uom":"lb"}}]},"images":[{"__typename":"Image","id":220469,"url":"https://d3tlizm80tjdt4.cloudfront.net/image/11595/image/sm-a149c106d663df481f081d8fa47bcf0f.jpeg","hqUrl":"https://d3tlizm80tjdt4.cloudfront.net/image/11595/image/lg-6980b730987a48d2d04bf9373ed83c63.jpeg","priority":0},{"__typename":"Image","id":220470,"url":"https://d3tlizm80tjdt4.cloudfront.net/image/2239/image/sm-97cfe4b265d24acb4747c475560701cb.png","hqUrl":"https://d3tlizm80tjdt4.cloudfront.net/image/2239/image/lg-45d53045498ae865f88394ae37a19563.png","priority":1}]}]},{"__typename":"Product","id":179926,"sku":"123341","catalogName":"Cheese, Feta, Crumbles, President, 2/5 Lb - 123341","fullName":"Cheese, Feta, Crumbles, President, 2/5 Lb - 123341","brand":"President","customerExpectedDate":1746705600,"atp":true,"inStock":true,"jit":false,"upcs":["123341"],"discontinued":false,"catchweightItem":false,"groupedByCategoryName":"Cheese","nextReceiveDate":null,"specs":[],"variants":[{"__typename":"Variant","id":144995,"price":4411,"packageType":"unit","quantityDescription":"","itemsCount":1,"weight":10,"dimensions":{"__typename":"Dimensions","length":1,"width":1,"height":1},"currentVariantPricing":{"__typename":"VariantPricing","id":559155,"priceLevels":[{"__typename":"PriceLevel","price":4411,"quantity":0,"discountedPrice":null,"catchweightPrice":null,"context":{"__typename":"PriceLevelContext","price":441,"uom":"lb"}}]},"images":[{"__typename":"Image","id":229797,"url":"https://d3tlizm80tjdt4.cloudfront.net/image/17447/image/sm-b7f1d5ebed658c7a48b315af49bb5e0d.png","hqUrl":"https://d3tlizm80tjdt4.cloudfront.net/image/17447/image/lg-dad46048fe0fc55a136499ac171b2554.png","priority":0}]}]},{"__typename":"Product","id":167140,"sku":"107599","catalogName":"Cheese, Mascarpone, Tub, Belgioioso, (4) 5 Lb - 107599","fullName":"Cheese, Mascarpone, Tub, Belgioioso, (4) 5 Lb - 107599","brand":"Belgioioso","customerExpectedDate":1746705600,"atp":true,"inStock":true,"jit":false,"upcs":["107599"],"discontinued":false,"catchweightItem":false,"groupedByCategoryName":"Cheese","nextReceiveDate":null,"specs":[],"variants":[{"__typename":"Variant","id":127321,"price":2972,"packageType":"unit","quantityDescription":"","itemsCount":1,"weight":1.25,"dimensions":{"__typename":"Dimensions","length":1,"width":1,"height":1},"currentVariantPricing":{"__typename":"VariantPricing","id":556935,"priceLevels":[{"__typename":"PriceLevel","price":2972,"quantity":0,"discountedPrice":null,"catchweightPrice":null,"context":{"__typename":"PriceLevelContext","price":594,"uom":"lb"}}]},"images":[{"__typename":"Image","id":230110,"url":"https://d3tlizm80tjdt4.cloudfront.net/image/17540/image/sm-c373691cb060f68e4cc8b4904a692eda.png","hqUrl":"https://d3tlizm80tjdt4.cloudfront.net/image/17540/image/lg-591e40fd066aeb87fd5b9cb9f0ef48ae.png","priority":0}]},{"__typename":"Variant","id":127320,"price":11887,"packageType":"case","quantityDescription":"","itemsCount":4,"weight":5,"dimensions":{"__typename":"Dimensions","length":1,"width":1,"height":1},"currentVariantPricing":{"__typename":"VariantPricing","id":556934,"priceLevels":[{"__typename":"PriceLevel","price":11888,"quantity":0,"discountedPrice":null,"catchweightPrice":null,"context":{"__typename":"PriceLevelContext","price":594,"uom":"lb"}}]},"images":[]}]},{"__typename":"Product","id":166254,"sku":"107598","catalogName":"Cheese, Gorgonzola, Crumbles, 86464, (2) 5 Lb - 107598","fullName":"Cheese, Gorgonzola, Crumbles, 86464, (2) 5 Lb - 107598","brand":"Belgioioso","customerExpectedDate":1746705600,"atp":true,"inStock":true,"jit":false,"upcs":["107598"],"discontinued":false,"catchweightItem":false,"groupedByCategoryName":"Cheese","nextReceiveDate":null,"specs":[],"variants":[{"__typename":"Variant","id":125684,"price":2453,"packageType":"unit","quantityDescription":"","itemsCount":1,"weight":2.5,"dimensions":{"__typename":"Dimensions","length":1,"width":1,"height":1},"currentVariantPricing":{"__typename":"VariantPricing","id":557009,"priceLevels":[{"__typename":"PriceLevel","price":2453,"quantity":0,"discountedPrice":null,"catchweightPrice":null,"context":{"__typename":"PriceLevelContext","price":491,"uom":"lb"}}]},"images":[{"__typename":"Image","id":207217,"url":"https://d3tlizm80tjdt4.cloudfront.net/image/5982/image/sm-9aa3ae766c94f5a2fcc8f244a97460de.jpg","hqUrl":"https://d3tlizm80tjdt4.cloudfront.net/image/5982/image/lg-62a9aa53da1f956602baf419abdce8ba.jpg","priority":0}]},{"__typename":"Variant","id":125683,"price":4905,"packageType":"case","quantityDescription":"","itemsCount":2,"weight":5,"dimensions":{"__typename":"Dimensions","length":1,"width":1,"height":1},"currentVariantPricing":{"__typename":"VariantPricing","id":557008,"priceLevels":[{"__typename":"PriceLevel","price":4906,"quantity":0,"discountedPrice":null,"catchweightPrice":null,"context":{"__typename":"PriceLevelContext","price":491,"uom":"lb"}}]},"images":[{"__typename":"Image","id":207219,"url":"https://d3tlizm80tjdt4.cloudfront.net/image/5983/image/sm-8762cc632e245f4af8d15df5fda8ba63.jpg","hqUrl":"https://d3tlizm80tjdt4.cloudfront.net/image/5983/image/lg-17704cce9a80787a4e7a525314e890ce.jpg","priority":1}]}]},{"__typename":"Product","id":185752,"sku":"125731","catalogName":"Cheese, Mozzarella, Wmlm, Loaf, Professionale, 8/5 Lb 125731","fullName":"Cheese, Mozzarella, Wmlm, Loaf, Professionale, 8/5 Lb 125731","brand":"Galbani","customerExpectedDate":1746705600,"atp":true,"inStock":true,"jit":false,"upcs":["125731"],"discontinued":false,"catchweightItem":false,"groupedByCategoryName":"Cheese","nextReceiveDate":null,"specs":[],"variants":[{"__typename":"Variant","id":150983,"price":9820,"packageType":"unit","quantityDescription":"","itemsCount":1,"weight":40,"dimensions":{"__typename":"Dimensions","length":1,"width":1,"height":1},"currentVariantPricing":{"__typename":"VariantPricing","id":559363,"priceLevels":[{"__typename":"PriceLevel","price":9820,"quantity":0,"discountedPrice":null,"catchweightPrice":null,"context":{"__typename":"PriceLevelContext","price":246,"uom":"lb"}}]},"images":[{"__typename":"Image","id":244075,"url":"https://d3tlizm80tjdt4.cloudfront.net/remote_images/image/7711/small/98449d9e2b7395c71eea2dfabcd07b4b9e2ade7f6e52357a69.jpg","hqUrl":"https://d3tlizm80tjdt4.cloudfront.net/remote_images/image/7711/large/c20e0e1d64644e56898bd18e6b8ba86b9b084205ffc572dab3.jpg","priority":1},{"__typename":"Image","id":244076,"url":"https://d3tlizm80tjdt4.cloudfront.net/remote_images/image/7215/small/0a7da17fd94fe5c52868137e402c2fb20947dba2f4b452a049.jpg","hqUrl":"https://d3tlizm80tjdt4.cloudfront.net/remote_images/image/7215/large/8e3a538ac779eb6afea42d92e46a2a63a1e5ecb4527ff1b238.jpg","priority":0}]}]},{"__typename":"Product","id":172332,"sku":"109240","catalogName":"Cheese, Indian Paneer Bulk Fresh Loaf (4) 109240","fullName":"Cheese, Indian Paneer Bulk Fresh Loaf (4) 109240","brand":"Royal Mahout","customerExpectedDate":1746705600,"atp":true,"inStock":true,"jit":false,"upcs":["109240"],"discontinued":false,"catchweightItem":false,"groupedByCategoryName":"Cheese","nextReceiveDate":null,"specs":[],"variants":[{"__typename":"Variant","id":135349,"price":8234,"packageType":"case","quantityDescription":"","itemsCount":4,"weight":5.25,"dimensions":{"__typename":"Dimensions","length":1,"width":1,"height":1},"currentVariantPricing":{"__typename":"VariantPricing","id":556941,"priceLevels":[{"__typename":"PriceLevel","price":8232,"quantity":0,"discountedPrice":null,"catchweightPrice":null,"context":{"__typename":"PriceLevelContext","price":412,"uom":"lb"}}]},"images":[]},{"__typename":"Variant","id":135350,"price":2058,"packageType":"unit","quantityDescription":"","itemsCount":1,"weight":1.3125,"dimensions":{"__typename":"Dimensions","length":1,"width":1,"height":1},"currentVariantPricing":{"__typename":"VariantPricing","id":556942,"priceLevels":[{"__typename":"PriceLevel","price":2058,"quantity":0,"discountedPrice":null,"catchweightPrice":null,"context":{"__typename":"PriceLevelContext","price":412,"uom":"lb"}}]},"images":[{"__typename":"Image","id":225636,"url":"https://d3tlizm80tjdt4.cloudfront.net/image/13821/image/sm-650582e6594da277fcb3f8b881528025.png","hqUrl":"https://d3tlizm80tjdt4.cloudfront.net/image/13821/image/lg-bd08d16870b7de6e5503ef4e5141e2d5.png","priority":1},{"__typename":"Image","id":225637,"url":"https://d3tlizm80tjdt4.cloudfront.net/image/14820/image/sm-d0fbe266cac5dbbfe601de287ad60344.png","hqUrl":"https://d3tlizm80tjdt4.cloudfront.net/image/14820/image/lg-614fb1478363509b54cab7a588cad291.png","priority":0}]}]},{"__typename":"Product","id":165266,"sku":"103601","catalogName":"Cheese, Provolone, Sliced, (8) 1.5 Lb - 103601","fullName":"Cheese, Provolone, Sliced, (8) 1.5 Lb - 103601","brand":"California Select Farms","customerExpectedDate":1746705600,"atp":true,"inStock":true,"jit":false,"upcs":["103601"],"discontinued":false,"catchweightItem":false,"groupedByCategoryName":"Cheese","nextReceiveDate":null,"specs":[],"variants":[{"__typename":"Variant","id":124227,"price":5261,"packageType":"case","quantityDescription":"","itemsCount":8,"weight":1.5,"dimensions":{"__typename":"Dimensions","length":1,"width":1,"height":1},"currentVariantPricing":{"__typename":"VariantPricing","id":563267,"priceLevels":[{"__typename":"PriceLevel","price":5264,"quantity":0,"discountedPrice":null,"catchweightPrice":null,"context":{"__typename":"PriceLevelContext","price":439,"uom":"lb"}}]},"images":[]},{"__typename":"Variant","id":124226,"price":658,"packageType":"unit","quantityDescription":"","itemsCount":1,"weight":0.1875,"dimensions":{"__typename":"Dimensions","length":1,"width":1,"height":1},"currentVariantPricing":{"__typename":"VariantPricing","id":563268,"priceLevels":[{"__typename":"PriceLevel","price":658,"quantity":0,"discountedPrice":null,"catchweightPrice":null,"context":{"__typename":"PriceLevelContext","price":439,"uom":"lb"}}]},"images":[{"__typename":"Image","id":224080,"url":"https://d3tlizm80tjdt4.cloudfront.net/image/13531/image/sm-ae2f39087df7cbc9782ef2cc89adff7f.png","hqUrl":"https://d3tlizm80tjdt4.cloudfront.net/image/13531/image/lg-c7ca219fb9b49e1b5a364b54341674d4.png","priority":1},{"__typename":"Image","id":224081,"url":"https://d3tlizm80tjdt4.cloudfront.net/image/8966/image/sm-0ad8abe6c7be4ec1371aa99b8a1fe80d.jpeg","hqUrl":"https://d3tlizm80tjdt4.cloudfront.net/image/8966/image/lg-ec412db8ab6b94cd1d06428f14a9f92c.jpeg","priority":0}]}]},{"__typename":"Product","id":180012,"sku":"123535","catalogName":"Cheese, Mozzarella, Fresh, Loaf, Sliced, 6/1 Lb - 123535","fullName":"Cheese, Mozzarella, Fresh, Loaf, Sliced, 6/1 Lb - 123535","brand":"Galbani","customerExpectedDate":1746705600,"atp":true,"inStock":true,"jit":false,"upcs":["123535"],"discontinued":false,"catchweightItem":false,"groupedByCategoryName":"Cheese","nextReceiveDate":null,"specs":[],"variants":[{"__typename":"Variant","id":145082,"price":3868,"packageType":"unit","quantityDescription":"","itemsCount":1,"weight":6,"dimensions":{"__typename":"Dimensions","length":1,"width":1,"height":1},"currentVariantPricing":{"__typename":"VariantPricing","id":559450,"priceLevels":[{"__typename":"PriceLevel","price":3868,"quantity":0,"discountedPrice":null,"catchweightPrice":null,"context":{"__typename":"PriceLevelContext","price":645,"uom":"lb"}}]},"images":[{"__typename":"Image","id":240244,"url":"https://d3tlizm80tjdt4.cloudfront.net/remote_images/image/1088/small/e9d4570a644a2ae0665f696c669bff43b9d6ccd681d0ebc349.jpg","hqUrl":"https://d3tlizm80tjdt4.cloudfront.net/remote_images/image/1088/large/c0df5ca042123710ef35ffe90fc7f45701e403fe8f928226a7.jpg","priority":1}]}]},{"__typename":"Product","id":181259,"sku":"124006","catalogName":"Cheese, Feta, Rbst Free, Estia, 24 Lb 124006","fullName":"Cheese, Feta, Rbst Free, Estia, 24 Lb 124006","brand":"Estia","customerExpectedDate":1746705600,"atp":true,"inStock":true,"jit":false,"upcs":["124006"],"discontinued":false,"catchweightItem":false,"groupedByCategoryName":"Cheese","nextReceiveDate":null,"specs":[],"variants":[{"__typename":"Variant","id":146345,"price":11002,"packageType":"unit","quantityDescription":"","itemsCount":1,"weight":24,"dimensions":{"__typename":"Dimensions","length":1,"width":1,"height":1},"currentVariantPricing":{"__typename":"VariantPricing","id":529279,"priceLevels":[{"__typename":"PriceLevel","price":11002,"quantity":0,"discountedPrice":null,"catchweightPrice":null,"context":{"__typename":"PriceLevelContext","price":458,"uom":"lb"}}]},"images":[{"__typename":"Image","id":240776,"url":"https://d3tlizm80tjdt4.cloudfront.net/remote_images/image/2271/small/7de5ff58f2fa420e59ed1a97ee95b035b5f2ecaaba98eada2b.jpg","hqUrl":"https://d3tlizm80tjdt4.cloudfront.net/remote_images/image/2271/large/79a278b0bb043cafc23eebbc712c9a5ee92757d63112278306.jpg","priority":1}]}]},{"__typename":"Product","id":171488,"sku":"108930","catalogName":"Cheese, Monterey Jack, Shredded, Fancy, (4) 5 Lb - 108930","fullName":"Cheese, Monterey Jack, Shredded, Fancy, (4) 5 Lb - 108930","brand":"Cheswick","customerExpectedDate":1746705600,"atp":true,"inStock":true,"jit":false,"upcs":["108930"],"discontinued":false,"catchweightItem":false,"groupedByCategoryName":"Cheese","nextReceiveDate":null,"specs":[],"variants":[{"__typename":"Variant","id":133720,"price":1626,"packageType":"unit","quantityDescription":"","itemsCount":1,"weight":1.25,"dimensions":{"__typename":"Dimensions","length":1,"width":1,"height":1},"currentVariantPricing":{"__typename":"VariantPricing","id":563404,"priceLevels":[{"__typename":"PriceLevel","price":1626,"quantity":0,"discountedPrice":null,"catchweightPrice":null,"context":{"__typename":"PriceLevelContext","price":325,"uom":"lb"}}]},"images":[{"__typename":"Image","id":212074,"url":"https://d3tlizm80tjdt4.cloudfront.net/image/7273/image/sm-77f3fe57315491b5b760f3c783c2ce89.jpg","hqUrl":"https://d3tlizm80tjdt4.cloudfront.net/image/7273/image/lg-4d088d5bc6e1ad3b9c8c1a90750d588d.jpg","priority":0}]},{"__typename":"Variant","id":133717,"price":6503,"packageType":"case","quantityDescription":"","itemsCount":4,"weight":5,"dimensions":{"__typename":"Dimensions","length":1,"width":1,"height":1},"currentVariantPricing":{"__typename":"VariantPricing","id":563405,"priceLevels":[{"__typename":"PriceLevel","price":6504,"quantity":0,"discountedPrice":null,"catchweightPrice":null,"context":{"__typename":"PriceLevelContext","price":325,"uom":"lb"}}]},"images":[{"__typename":"Image","id":212073,"url":"https://d3tlizm80tjdt4.cloudfront.net/image/7274/image/sm-fa023a323e08698aa6db85871aeac420.jpg","hqUrl":"https://d3tlizm80tjdt4.cloudfront.net/image/7274/image/lg-4bb5b2d24ea7f9564bd4a37a9e39543c.jpg","priority":1}]}]},{"__typename":"Product","id":185770,"sku":"125786","catalogName":"Cheese, Monterey Jack, Shredded, Feather, 4/5 Lb 125786","fullName":"Cheese, Monterey Jack, Shredded, Feather, 4/5 Lb 125786","brand":"Packer","customerExpectedDate":1746705600,"atp":true,"inStock":true,"jit":false,"upcs":["125786"],"discontinued":false,"catchweightItem":false,"groupedByCategoryName":"Cheese","nextReceiveDate":null,"specs":[],"variants":[{"__typename":"Variant","id":151001,"price":5301,"packageType":"unit","quantityDescription":"","itemsCount":1,"weight":20,"dimensions":{"__typename":"Dimensions","length":1,"width":1,"height":1},"currentVariantPricing":{"__typename":"VariantPricing","id":563355,"priceLevels":[{"__typename":"PriceLevel","price":5301,"quantity":0,"discountedPrice":null,"catchweightPrice":null,"context":{"__typename":"PriceLevelContext","price":265,"uom":"lb"}}]},"images":[{"__typename":"Image","id":243372,"url":"https://d3tlizm80tjdt4.cloudfront.net/remote_images/image/7241/small/c70ac30661b7378e20f15c03444e4cfbf27c1e5fdec5e5b3cb.jpg","hqUrl":"https://d3tlizm80tjdt4.cloudfront.net/remote_images/image/7241/large/eeb2321b3778d9e5c25730e15f4fda682d62b08150f339385e.jpg","priority":1},{"__typename":"Image","id":243373,"url":"https://d3tlizm80tjdt4.cloudfront.net/remote_images/image/7236/small/e06462a3ca2ee281ec7fdc39e2aecc73c78ebcb6f4d822cc2b.jpg","hqUrl":"https://d3tlizm80tjdt4.cloudfront.net/remote_images/image/7236/large/afafc0740b42bdcbb1f8e0b79e7b2392c6e301a7ce897ba563.jpg","priority":0}]}]},{"__typename":"Product","id":165267,"sku":"103602","catalogName":"Cheese, Swiss, Sliced, (8) 1.5 Lb - 103602","fullName":"Cheese, Swiss, Sliced, (8) 1.5 Lb - 103602","brand":"California Select Farms","customerExpectedDate":1746705600,"atp":true,"inStock":true,"jit":false,"upcs":["103602"],"discontinued":false,"catchweightItem":false,"groupedByCategoryName":"Cheese","nextReceiveDate":null,"specs":[],"variants":[{"__typename":"Variant","id":124229,"price":812,"packageType":"unit","quantityDescription":"","itemsCount":1,"weight":0.1875,"dimensions":{"__typename":"Dimensions","length":1,"width":1,"height":1},"currentVariantPricing":{"__typename":"VariantPricing","id":563412,"priceLevels":[{"__typename":"PriceLevel","price":812,"quantity":0,"discountedPrice":null,"catchweightPrice":null,"context":{"__typename":"PriceLevelContext","price":541,"uom":"lb"}}]},"images":[{"__typename":"Image","id":212676,"url":"https://d3tlizm80tjdt4.cloudfront.net/image/8967/image/sm-e52f47ae6c00dd8381ee99b9ffda17dd.jpeg","hqUrl":"https://d3tlizm80tjdt4.cloudfront.net/image/8967/image/lg-d6e5cb0ed06261f3fb65d632b2b4d0b2.jpeg","priority":0}]},{"__typename":"Variant","id":124228,"price":6495,"packageType":"case","quantityDescription":"","itemsCount":8,"weight":1.5,"dimensions":{"__typename":"Dimensions","length":1,"width":1,"height":1},"currentVariantPricing":{"__typename":"VariantPricing","id":563411,"priceLevels":[{"__typename":"PriceLevel","price":6496,"quantity":0,"discountedPrice":null,"catchweightPrice":null,"context":{"__typename":"PriceLevelContext","price":541,"uom":"lb"}}]},"images":[]}]},{"__typename":"Product","id":165850,"sku":"103638","catalogName":"Cheese, Goat, Chefs, Chevre, Tub, (2) 4 Lb - 103638","fullName":"Cheese, Goat, Chefs, Chevre, Tub, (2) 4 Lb - 103638","brand":"Laura Chenel","customerExpectedDate":1746705600,"atp":true,"inStock":true,"jit":false,"upcs":["103638"],"discontinued":false,"catchweightItem":false,"groupedByCategoryName":"Cheese","nextReceiveDate":null,"specs":[],"variants":[{"__typename":"Variant","id":125134,"price":7532,"packageType":"case","quantityDescription":"","itemsCount":2,"weight":4,"dimensions":{"__typename":"Dimensions","length":1,"width":1,"height":1},"currentVariantPricing":{"__typename":"VariantPricing","id":563271,"priceLevels":[{"__typename":"PriceLevel","price":7532,"quantity":0,"discountedPrice":null,"catchweightPrice":null,"context":{"__typename":"PriceLevelContext","price":942,"uom":"lb"}}]},"images":[]},{"__typename":"Variant","id":125133,"price":3766,"packageType":"unit","quantityDescription":"","itemsCount":1,"weight":2,"dimensions":{"__typename":"Dimensions","length":1,"width":1,"height":1},"currentVariantPricing":{"__typename":"VariantPricing","id":563272,"priceLevels":[{"__typename":"PriceLevel","price":3766,"quantity":0,"discountedPrice":null,"catchweightPrice":null,"context":{"__typename":"PriceLevelContext","price":942,"uom":"lb"}}]},"images":[{"__typename":"Image","id":243868,"url":"https://d3tlizm80tjdt4.cloudfront.net/remote_images/image/7584/small/b039cbd43e667de1a64536054485d5b35e81ec59d3181edf0f.jpg","hqUrl":"https://d3tlizm80tjdt4.cloudfront.net/remote_images/image/7584/large/5b9e93bbef2346a56d1a208ca661d2515f787cc473465853f6.jpg","priority":0}]}]}],"suid":null,"meta":{"__typename":"PaginationMetadata","nextPage":2,"currentPage":1,"totalCount":98,"totalPages":5},"sorts":[{"__typename":"Sort","name":"Popularity","sort":"popularity_i desc"},{"__typename":"Sort","name":"New Arrivals","sort":"created_at_dt desc"},{"__typename":"Sort","name":"Expected Date","sort":"expected_date_dt desc"},{"__typename":"Sort","name":"Unit Price Lowest First","sort":"price_i asc"},{"__typename":"Sort","name":"Unit Price Highest First","sort":"price_i desc"},{"__typename":"Sort","name":"Sort From A to Z","sort":"full_name_s asc"},{"__typename":"Sort","name":"Sort From Z to A","sort":"full_name_s desc"}],"facets":[{"__typename":"Facet","name":"On sale","type":"boolean","filter":"promoted","buckets":[{"__typename":"FacetBucket","count":98,"val":"false"}]},{"__typename":"Facet","name":"Brand","type":"multi","filter":"brand","buckets":[{"__typename":"FacetBucket","count":20,"val":"Galbani"},{"__typename":"FacetBucket","count":10,"val":"Packer"},{"__typename":"FacetBucket","count":6,"val":"Galbani Premio"},{"__typename":"FacetBucket","count":5,"val":"Cheswick"},{"__typename":"FacetBucket","count":5,"val":"President"},{"__typename":"FacetBucket","count":4,"val":"California Gold"},{"__typename":"FacetBucket","count":4,"val":"California Select Farms"},{"__typename":"FacetBucket","count":2,"val":"Belgioioso"},{"__typename":"FacetBucket","count":2,"val":"Cucina"},{"__typename":"FacetBucket","count":2,"val":"El Mexicano"}]},{"__typename":"Facet","name":"Department","type":"single","filter":"category","buckets":[{"__typename":"FacetBucket","count":98,"val":"0/Cheese"},{"__typename":"FacetBucket","count":34,"val":"1/Cheese/Specialty Cheese"},{"__typename":"FacetBucket","count":26,"val":"1/Cheese/Sliced Cheese"},{"__typename":"FacetBucket","count":18,"val":"1/Cheese/Cheese Loaf"},{"__typename":"FacetBucket","count":10,"val":"1/Cheese/Shredded Cheese"},{"__typename":"FacetBucket","count":4,"val":"1/Cheese/Cream Cheese"},{"__typename":"FacetBucket","count":3,"val":"1/Cheese/Crumbled, Cubed, Grated, Shaved"},{"__typename":"FacetBucket","count":2,"val":"1/Cheese/Cottage Cheese"},{"__typename":"FacetBucket","count":1,"val":"1/Cheese/Cheese Wheel"}]}]}},"loading":false,"networkStatus":7},"queryName":"QUERY_PRODUCTS"}],["$","$L28",null,{"data":"$b:0:props:result:data","children":["$","$L29",null,{"products":["$b:0:props:result:data:search:data:0","$b:0:props:result:data:search:data:1","$b:0:props:result:data:search:data:2","$b:0:props:result:data:search:data:3","$b:0:props:result:data:search:data:4","$b:0:props:result:data:search:data:5","$b:0:props:result:data:search:data:6","$b:0:props:result:data:search:data:7","$b:0:props:result:data:search:data:8","$b:0:props:result:data:search:data:9","$b:0:props:result:data:search:data:10","$b:0:props:result:data:search:data:11","$b:0:props:result:data:search:data:12","$b:0:props:result:data:search:data:13","$b:0:props:result:data:search:data:14","$b:0:props:result:data:search:data:15","$b:0:props:result:data:search:data:16","$b:0:props:result:data:search:data:17","$b:0:props:result:data:search:data:18","$b:0:props:result:data:search:data:19","$b:0:props:result:data:search:data:20","$b:0:props:result:data:search:data:21","$b:0:props:result:data:search:data:22","$b:0:props:result:data:search:data:23"],"cellMetadata":{"source_object":"department"}}]}]]\n',
            ]);
        </script>
        <script>
            self.__next_f.push([
                1,
                '2a:I[87845,["1834","static/chunks/app/(shop)/(departments)/layout-e18ccf3c78d2be74.js"],"default"]\n',
            ]);
        </script>
        <script>
            self.__next_f.push([
                1,
                '9:[["$","$L22",null,{"variables":{},"result":{"data":{"restaurant":{"__typename":"Restaurant","id":217739,"currentStore":{"__typename":"Store","id":18,"categories":{"__typename":"CategoryConnection","nodes":[{"__typename":"Category","id":4804,"name":"Aji Verde","hide":true,"dynamic":true,"parentId":4802,"displayOrder":3},{"__typename":"Category","id":3393,"name":"All Purpose","hide":false,"dynamic":false,"parentId":3392,"displayOrder":1},{"__typename":"Category","id":4816,"name":"Aloo Gobi","hide":true,"dynamic":true,"parentId":4814,"displayOrder":1},{"__typename":"Category","id":4426,"name":"Angus","hide":false,"dynamic":true,"parentId":4425,"displayOrder":1},{"__typename":"Category","id":3997,"name":"Appetizers","hide":false,"dynamic":true,"parentId":3934,"displayOrder":1},{"__typename":"Category","id":4965,"name":"Appetizers","hide":true,"dynamic":true,"parentId":4964,"displayOrder":6},{"__typename":"Category","id":3980,"name":"Appetizers","hide":false,"dynamic":true,"parentId":4759,"displayOrder":1},{"__typename":"Category","id":3480,"name":"Apples","hide":false,"dynamic":false,"parentId":3363,"displayOrder":7},{"__typename":"Category","id":3725,"name":"Aprons, Bibs \u0026 Headwear","hide":false,"dynamic":false,"parentId":3332,"displayOrder":24},{"__typename":"Category","id":4596,"name":"Asian \u0026 Ethnic","hide":false,"dynamic":false,"parentId":3373,"displayOrder":47},{"__typename":"Category","id":4814,"name":"Asian Indian - Aloo Gobi","hide":true,"dynamic":true,"parentId":null,"displayOrder":145},{"__typename":"Category","id":3898,"name":"Assisted Living Menu Essentials","hide":true,"dynamic":true,"parentId":null,"displayOrder":35},{"__typename":"Category","id":3329,"name":"Avocado","hide":false,"dynamic":false,"parentId":3311,"displayOrder":14},{"__typename":"Category","id":4994,"name":"AZ Gems December Promo","hide":true,"dynamic":true,"parentId":null,"displayOrder":181},{"__typename":"Category","id":4995,"name":"AZ Gems December Promo","hide":true,"dynamic":true,"parentId":4994,"displayOrder":1},{"__typename":"Category","id":3532,"name":"Bacon","hide":false,"dynamic":false,"parentId":3482,"displayOrder":5},{"__typename":"Category","id":4226,"name":"Bacon","hide":false,"dynamic":true,"parentId":4225,"displayOrder":1},{"__typename":"Category","id":4689,"name":"Bacon","hide":false,"dynamic":false,"parentId":3307,"displayOrder":30},{"__typename":"Category","id":4632,"name":"Bacon \u0026 Hams","hide":false,"dynamic":true,"parentId":4631,"displayOrder":4},{"__typename":"Category","id":3739,"name":"Bagels \u0026 Muffins","hide":false,"dynamic":false,"parentId":3452,"displayOrder":3},{"__typename":"Category","id":3498,"name":"Bag-in-Box Syrups","hide":false,"dynamic":false,"parentId":3443,"displayOrder":13},{"__typename":"Category","id":5415,"name":"Bag-in-Box Syrups","hide":true,"dynamic":true,"parentId":5414,"displayOrder":1},{"__typename":"Category","id":3856,"name":"Baked Goods","hide":false,"dynamic":true,"parentId":3841,"displayOrder":1},{"__typename":"Category","id":3910,"name":"Baked Goods","hide":false,"dynamic":true,"parentId":3898,"displayOrder":1},{"__typename":"Category","id":4000,"name":"Baked Goods","hide":false,"dynamic":true,"parentId":3934,"displayOrder":2},{"__typename":"Category","id":4706,"name":"Bakery","hide":true,"dynamic":true,"parentId":4701,"displayOrder":5},{"__typename":"Category","id":4592,"name":"Bakery","hide":false,"dynamic":true,"parentId":4265,"displayOrder":13},{"__typename":"Category","id":3452,"name":"Bakery","hide":false,"dynamic":false,"parentId":null,"displayOrder":11},{"__typename":"Category","id":3936,"name":"Bakery \u0026 Cafe Menu Essentials","hide":true,"dynamic":true,"parentId":null,"displayOrder":42},{"__typename":"Category","id":3344,"name":"Bakery Products","hide":false,"dynamic":false,"parentId":3330,"displayOrder":2},{"__typename":"Category","id":3701,"name":"Baking Cocoa \u0026 Chocolate","hide":false,"dynamic":false,"parentId":3373,"displayOrder":43},{"__typename":"Category","id":3869,"name":"Baking Ingredients","hide":false,"dynamic":true,"parentId":3867,"displayOrder":1},{"__typename":"Category","id":3976,"name":"Baking Ingredients","hide":false,"dynamic":true,"parentId":4759,"displayOrder":18},{"__typename":"Category","id":3852,"name":"Baking Ingredients","hide":false,"dynamic":true,"parentId":3841,"displayOrder":2},{"__typename":"Category","id":3979,"name":"Baking Ingredients","hide":false,"dynamic":true,"parentId":3934,"displayOrder":3},{"__typename":"Category","id":3382,"name":"Baking Ingredients","hide":false,"dynamic":false,"parentId":3373,"displayOrder":6},{"__typename":"Category","id":3978,"name":"Baking Ingredients","hide":false,"dynamic":true,"parentId":3936,"displayOrder":1},{"__typename":"Category","id":3698,"name":"Baking Mixes","hide":false,"dynamic":false,"parentId":3373,"displayOrder":41},{"__typename":"Category","id":3934,"name":"Bar \u0026 Grill Menu Essentials","hide":true,"dynamic":true,"parentId":null,"displayOrder":43},{"__typename":"Category","id":4223,"name":"Barilla","hide":true,"dynamic":true,"parentId":null,"displayOrder":64},{"__typename":"Category","id":4269,"name":"Barilla Pasta","hide":false,"dynamic":true,"parentId":4268,"displayOrder":1},{"__typename":"Category","id":4894,"name":"Bases","hide":true,"dynamic":true,"parentId":4893,"displayOrder":1},{"__typename":"Category","id":4600,"name":"Bay Area Local","hide":true,"dynamic":true,"parentId":4599,"displayOrder":1},{"__typename":"Category","id":4599,"name":"Bay Area Local","hide":true,"dynamic":true,"parentId":null,"displayOrder":109},{"__typename":"Category","id":4039,"name":"BBQ \u0026 Hot Sauce","hide":false,"dynamic":true,"parentId":4026,"displayOrder":9},{"__typename":"Category","id":4182,"name":"BBQ \u0026 Hot Sauce","hide":false,"dynamic":true,"parentId":4181,"displayOrder":1},{"__typename":"Category","id":4759,"name":"BBQ Menu Essentials","hide":true,"dynamic":true,"parentId":null,"displayOrder":39},{"__typename":"Category","id":4272,"name":"Beaver Street Fisheries","hide":false,"dynamic":true,"parentId":4268,"displayOrder":6},{"__typename":"Category","id":3339,"name":"Beef","hide":false,"dynamic":false,"parentId":3330,"displayOrder":10},{"__typename":"Category","id":5017,"name":"Beef","hide":true,"dynamic":true,"parentId":5016,"displayOrder":1},{"__typename":"Category","id":4231,"name":"Beef","hide":false,"dynamic":true,"parentId":4227,"displayOrder":2},{"__typename":"Category","id":4178,"name":"Beef","hide":true,"dynamic":true,"parentId":4177,"displayOrder":1},{"__typename":"Category","id":4622,"name":"Beef","hide":false,"dynamic":true,"parentId":4619,"displayOrder":1},{"__typename":"Category","id":4761,"name":"Beef","hide":true,"dynamic":true,"parentId":4759,"displayOrder":20},{"__typename":"Category","id":5005,"name":"Beef and Lamb","hide":true,"dynamic":true,"parentId":5004,"displayOrder":1},{"__typename":"Category","id":3755,"name":"Beef - Ball Tip","hide":false,"dynamic":false,"parentId":3307,"displayOrder":20},{"__typename":"Category","id":3756,"name":"Beef - Brisket","hide":false,"dynamic":false,"parentId":3307,"displayOrder":11},{"__typename":"Category","id":3743,"name":"Beef - Chucks","hide":false,"dynamic":false,"parentId":3307,"displayOrder":21},{"__typename":"Category","id":3349,"name":"Beef (Frozen)","hide":false,"dynamic":false,"parentId":3307,"displayOrder":1},{"__typename":"Category","id":3757,"name":"Beef - Ground","hide":false,"dynamic":false,"parentId":3307,"displayOrder":12},{"__typename":"Category","id":3460,"name":"Beef (Ground \u0026 Patties)","hide":false,"dynamic":false,"parentId":3307,"displayOrder":2},{"__typename":"Category","id":3758,"name":"Beef - Halal","hide":false,"dynamic":false,"parentId":3307,"displayOrder":25},{"__typename":"Category","id":3761,"name":"Beef - Knuckle","hide":false,"dynamic":false,"parentId":3307,"displayOrder":27},{"__typename":"Category","id":5001,"name":"Beef \u0026 Lamb","hide":true,"dynamic":true,"parentId":5000,"displayOrder":1},{"__typename":"Category","id":4826,"name":"Beef Larb","hide":true,"dynamic":true,"parentId":null,"displayOrder":149},{"__typename":"Category","id":4827,"name":"Beef Larb","hide":true,"dynamic":true,"parentId":4826,"displayOrder":1},{"__typename":"Category","id":3753,"name":"Beef - Loins","hide":false,"dynamic":false,"parentId":3307,"displayOrder":22},{"__typename":"Category","id":3762,"name":"Beef - Other","hide":false,"dynamic":false,"parentId":3307,"displayOrder":23},{"__typename":"Category","id":3763,"name":"Beef - Patties","hide":false,"dynamic":false,"parentId":3307,"displayOrder":28},{"__typename":"Category","id":4633,"name":"Beef, Raw","hide":false,"dynamic":true,"parentId":4631,"displayOrder":2},{"__typename":"Category","id":3754,"name":"Beef - Rib","hide":false,"dynamic":false,"parentId":3307,"displayOrder":9},{"__typename":"Category","id":3764,"name":"Beef - Rounds","hide":false,"dynamic":false,"parentId":3307,"displayOrder":10},{"__typename":"Category","id":3765,"name":"Beef - Tri Tip","hide":false,"dynamic":false,"parentId":3307,"displayOrder":29},{"__typename":"Category","id":3484,"name":"Berries","hide":false,"dynamic":false,"parentId":3363,"displayOrder":8},{"__typename":"Category","id":4975,"name":"Beverage","hide":true,"dynamic":true,"parentId":4964,"displayOrder":11},{"__typename":"Category","id":5018,"name":"Beverage","hide":true,"dynamic":true,"parentId":5016,"displayOrder":2},{"__typename":"Category","id":4960,"name":"Beverages","hide":true,"dynamic":true,"parentId":4959,"displayOrder":2},{"__typename":"Category","id":4549,"name":"Beverages","hide":false,"dynamic":true,"parentId":4265,"displayOrder":7},{"__typename":"Category","id":3443,"name":"Beverages","hide":false,"dynamic":false,"parentId":null,"displayOrder":17},{"__typename":"Category","id":3597,"name":"Beverages","hide":false,"dynamic":true,"parentId":3582,"displayOrder":10},{"__typename":"Category","id":4953,"name":"Beverages","hide":true,"dynamic":true,"parentId":4958,"displayOrder":6},{"__typename":"Category","id":3618,"name":"Beverages","hide":false,"dynamic":true,"parentId":3617,"displayOrder":7},{"__typename":"Category","id":4394,"name":"Beverage Syrups","hide":false,"dynamic":true,"parentId":4393,"displayOrder":1},{"__typename":"Category","id":4393,"name":"Beverage Syrups \u0026 Puree","hide":true,"dynamic":true,"parentId":null,"displayOrder":74},{"__typename":"Category","id":4787,"name":"Bibimbap","hide":true,"dynamic":true,"parentId":null,"displayOrder":136},{"__typename":"Category","id":4796,"name":"Black Garlic butter","hide":true,"dynamic":true,"parentId":4793,"displayOrder":2},{"__typename":"Category","id":3395,"name":"Bleach","hide":false,"dynamic":false,"parentId":3392,"displayOrder":2},{"__typename":"Category","id":4534,"name":"Block Mozzarella","hide":false,"dynamic":true,"parentId":4004,"displayOrder":3},{"__typename":"Category","id":5016,"name":"Blowout Specials","hide":true,"dynamic":true,"parentId":null,"displayOrder":189},{"__typename":"Category","id":3951,"name":"Boba Menu Essentials","hide":true,"dynamic":true,"parentId":null,"displayOrder":40},{"__typename":"Category","id":3513,"name":"Bottled Water","hide":false,"dynamic":false,"parentId":3443,"displayOrder":5},{"__typename":"Category","id":5416,"name":"Bottled Water","hide":true,"dynamic":true,"parentId":5414,"displayOrder":2},{"__typename":"Category","id":3708,"name":"Bowls, Cups, Plates \u0026 Lids (Plastic)","hide":false,"dynamic":false,"parentId":3332,"displayOrder":17},{"__typename":"Category","id":4821,"name":"Braised Lamb Shoulder","hide":true,"dynamic":true,"parentId":null,"displayOrder":147},{"__typename":"Category","id":4133,"name":"Bread","hide":false,"dynamic":true,"parentId":4102,"displayOrder":1},{"__typename":"Category","id":4184,"name":"Bread","hide":false,"dynamic":true,"parentId":4181,"displayOrder":3},{"__typename":"Category","id":4157,"name":"Bread","hide":false,"dynamic":true,"parentId":4026,"displayOrder":15},{"__typename":"Category","id":4096,"name":"Bread","hide":false,"dynamic":true,"parentId":4095,"displayOrder":1},{"__typename":"Category","id":3699,"name":"Breading \u0026 Batter","hide":false,"dynamic":false,"parentId":3373,"displayOrder":42},{"__typename":"Category","id":5430,"name":"Breads","hide":false,"dynamic":false,"parentId":3452,"displayOrder":6},{"__typename":"Category","id":4678,"name":"Breads","hide":true,"dynamic":true,"parentId":4675,"displayOrder":3},{"__typename":"Category","id":3626,"name":"Breads \u0026 Bakery","hide":false,"dynamic":true,"parentId":3582,"displayOrder":1},{"__typename":"Category","id":3738,"name":"Breads \u0026 Bakery","hide":false,"dynamic":false,"parentId":3330,"displayOrder":14},{"__typename":"Category","id":4984,"name":"Breads \u0026 Crackers","hide":true,"dynamic":true,"parentId":4978,"displayOrder":2},{"__typename":"Category","id":4074,"name":"Brisket Ingredients","hide":true,"dynamic":true,"parentId":null,"displayOrder":52},{"__typename":"Category","id":3316,"name":"Broccoli \u0026 Cauliflower","hide":false,"dynamic":false,"parentId":3311,"displayOrder":15},{"__typename":"Category","id":4800,"name":"Bulgogi","hide":true,"dynamic":true,"parentId":4799,"displayOrder":1},{"__typename":"Category","id":4799,"name":"Bulgogi Koja Burger","hide":true,"dynamic":true,"parentId":null,"displayOrder":140},{"__typename":"Category","id":4411,"name":"Bulk Ready to Use","hide":false,"dynamic":false,"parentId":3443,"displayOrder":17},{"__typename":"Category","id":3927,"name":"Buns","hide":false,"dynamic":true,"parentId":3926,"displayOrder":1},{"__typename":"Category","id":4886,"name":"Burgers","hide":true,"dynamic":true,"parentId":4884,"displayOrder":2},{"__typename":"Category","id":4852,"name":"Burgers","hide":true,"dynamic":true,"parentId":4850,"displayOrder":3},{"__typename":"Category","id":4185,"name":"Butter","hide":false,"dynamic":true,"parentId":4181,"displayOrder":4},{"__typename":"Category","id":3519,"name":"Butter \u0026 Margarine","hide":false,"dynamic":false,"parentId":3456,"displayOrder":7},{"__typename":"Category","id":3506,"name":"Buttermilk","hide":false,"dynamic":false,"parentId":3456,"displayOrder":3},{"__typename":"Category","id":3386,"name":"Butter \u0026 Pastes","hide":false,"dynamic":false,"parentId":3373,"displayOrder":17},{"__typename":"Category","id":3328,"name":"Cabbage","hide":false,"dynamic":false,"parentId":3311,"displayOrder":16},{"__typename":"Category","id":4998,"name":"Cakes and Pies","hide":true,"dynamic":true,"parentId":4997,"displayOrder":2},{"__typename":"Category","id":4866,"name":"Can","hide":true,"dynamic":true,"parentId":4865,"displayOrder":3},{"__typename":"Category","id":3467,"name":"Candles","hide":false,"dynamic":false,"parentId":3446,"displayOrder":3},{"__typename":"Category","id":3690,"name":"Candy \u0026 Chocolate","hide":false,"dynamic":false,"parentId":3486,"displayOrder":5},{"__typename":"Category","id":3431,"name":"Canned Beans","hide":false,"dynamic":false,"parentId":3373,"displayOrder":4},{"__typename":"Category","id":3428,"name":"Canned Goods","hide":false,"dynamic":false,"parentId":3373,"displayOrder":7},{"__typename":"Category","id":4186,"name":"Canned Goods","hide":false,"dynamic":true,"parentId":4181,"displayOrder":5},{"__typename":"Category","id":4156,"name":"Canned Goods","hide":false,"dynamic":true,"parentId":4257,"displayOrder":14},{"__typename":"Category","id":4017,"name":"Canned Goods","hide":false,"dynamic":true,"parentId":4008,"displayOrder":2},{"__typename":"Category","id":3494,"name":"Canned \u0026 Jarred Fruit","hide":false,"dynamic":false,"parentId":3373,"displayOrder":3},{"__typename":"Category","id":3419,"name":"Canned Peppers","hide":false,"dynamic":false,"parentId":3373,"displayOrder":8},{"__typename":"Category","id":5372,"name":"Canned Tomatoes","hide":true,"dynamic":true,"parentId":null,"displayOrder":200},{"__typename":"Category","id":3429,"name":"Canned Tomatoes \u0026 Sauces","hide":false,"dynamic":false,"parentId":3373,"displayOrder":9},{"__typename":"Category","id":3433,"name":"Canned Vegetables","hide":false,"dynamic":false,"parentId":3373,"displayOrder":10},{"__typename":"Category","id":4726,"name":"Canola Oils","hide":true,"dynamic":true,"parentId":4725,"displayOrder":1},{"__typename":"Category","id":4696,"name":"Carne","hide":true,"dynamic":true,"parentId":4693,"displayOrder":1},{"__typename":"Category","id":3320,"name":"Carrots \u0026 Celery","hide":false,"dynamic":false,"parentId":3311,"displayOrder":10},{"__typename":"Category","id":3710,"name":"Carry-Out Containers (Combo)","hide":false,"dynamic":false,"parentId":3332,"displayOrder":19},{"__typename":"Category","id":3340,"name":"Carry Out Containers \u0026 Lids","hide":false,"dynamic":false,"parentId":3332,"displayOrder":28},{"__typename":"Category","id":3716,"name":"Carry-Out Containers (Plastic)","hide":false,"dynamic":false,"parentId":3332,"displayOrder":12},{"__typename":"Category","id":4087,"name":"Carry-out Essentials","hide":false,"dynamic":true,"parentId":4008,"displayOrder":27},{"__typename":"Category","id":4158,"name":"Carry-out Essentials","hide":false,"dynamic":true,"parentId":4257,"displayOrder":15},{"__typename":"Category","id":4189,"name":"Carry-out Essentials","hide":false,"dynamic":true,"parentId":4181,"displayOrder":6},{"__typename":"Category","id":4137,"name":"Carry-out Essentials","hide":false,"dynamic":true,"parentId":4026,"displayOrder":16},{"__typename":"Category","id":4099,"name":"Carry-out Essentials","hide":false,"dynamic":true,"parentId":4095,"displayOrder":4},{"__typename":"Category","id":4136,"name":"Carry-out Essentials","hide":false,"dynamic":true,"parentId":4102,"displayOrder":4},{"__typename":"Category","id":3718,"name":"Carry-Out Lids (Plastic)","hide":false,"dynamic":false,"parentId":3332,"displayOrder":21},{"__typename":"Category","id":4815,"name":"Cauliflower Steak and Roasted Grapes","hide":true,"dynamic":true,"parentId":4814,"displayOrder":2},{"__typename":"Category","id":3434,"name":"Cereal \u0026 Granola","hide":false,"dynamic":false,"parentId":3373,"displayOrder":11},{"__typename":"Category","id":4982,"name":"Charcuterie","hide":true,"dynamic":true,"parentId":4978,"displayOrder":3},{"__typename":"Category","id":4978,"name":"Charcuterie","hide":true,"dynamic":true,"parentId":null,"displayOrder":172},{"__typename":"Category","id":4057,"name":"Charcuterie Essentials","hide":true,"dynamic":true,"parentId":null,"displayOrder":51},{"__typename":"Category","id":4190,"name":"Cheese","hide":false,"dynamic":true,"parentId":4181,"displayOrder":7},{"__typename":"Category","id":4052,"name":"Cheese","hide":false,"dynamic":true,"parentId":4008,"displayOrder":28},{"__typename":"Category","id":4985,"name":"Cheese","hide":true,"dynamic":true,"parentId":4978,"displayOrder":1},{"__typename":"Category","id":4032,"name":"Cheese","hide":false,"dynamic":true,"parentId":4257,"displayOrder":2},{"__typename":"Category","id":4031,"name":"Cheese","hide":false,"dynamic":true,"parentId":4026,"displayOrder":4},{"__typename":"Category","id":3857,"name":"Cheese","hide":false,"dynamic":true,"parentId":3841,"displayOrder":3},{"__typename":"Category","id":3981,"name":"Cheese","hide":false,"dynamic":true,"parentId":3936,"displayOrder":2},{"__typename":"Category","id":4100,"name":"Cheese","hide":false,"dynamic":true,"parentId":4095,"displayOrder":5},{"__typename":"Category","id":3835,"name":"Cheese","hide":false,"dynamic":true,"parentId":3824,"displayOrder":2},{"__typename":"Category","id":3365,"name":"Cheese","hide":false,"dynamic":false,"parentId":null,"displayOrder":6},{"__typename":"Category","id":3911,"name":"Cheese","hide":false,"dynamic":true,"parentId":3898,"displayOrder":2},{"__typename":"Category","id":4138,"name":"Cheese","hide":false,"dynamic":true,"parentId":4102,"displayOrder":5},{"__typename":"Category","id":3967,"name":"Cheese","hide":false,"dynamic":true,"parentId":3934,"displayOrder":4},{"__typename":"Category","id":3641,"name":"Cheese Alternatives","hide":false,"dynamic":false,"parentId":3640,"displayOrder":1},{"__typename":"Category","id":3366,"name":"Cheese Loaf","hide":false,"dynamic":false,"parentId":3365,"displayOrder":8},{"__typename":"Category","id":3520,"name":"Cheese Wheel","hide":false,"dynamic":false,"parentId":3365,"displayOrder":1},{"__typename":"Category","id":4268,"name":"Cheetah 500 Sponsors","hide":true,"dynamic":true,"parentId":null,"displayOrder":26},{"__typename":"Category","id":4959,"name":"Cheetah Mediterranean Imports","hide":true,"dynamic":true,"parentId":null,"displayOrder":175},{"__typename":"Category","id":4972,"name":"Chicken","hide":true,"dynamic":true,"parentId":4964,"displayOrder":12},{"__typename":"Category","id":5002,"name":"Chicken","hide":true,"dynamic":true,"parentId":5000,"displayOrder":2},{"__typename":"Category","id":4760,"name":"Chicken","hide":true,"dynamic":true,"parentId":4759,"displayOrder":19},{"__typename":"Category","id":4180,"name":"Chicken","hide":true,"dynamic":true,"parentId":4177,"displayOrder":3},{"__typename":"Category","id":5007,"name":"Chicken","hide":true,"dynamic":true,"parentId":5004,"displayOrder":2},{"__typename":"Category","id":3445,"name":"Chicken","hide":false,"dynamic":false,"parentId":3330,"displayOrder":11},{"__typename":"Category","id":3752,"name":"Chicken - Breast","hide":false,"dynamic":false,"parentId":3307,"displayOrder":19},{"__typename":"Category","id":4952,"name":"Chicken - Breast","hide":false,"dynamic":false,"parentId":3330,"displayOrder":22},{"__typename":"Category","id":4805,"name":"Chicken Fat Rice","hide":true,"dynamic":true,"parentId":4802,"displayOrder":2},{"__typename":"Category","id":3766,"name":"Chicken - Ground","hide":false,"dynamic":false,"parentId":3307,"displayOrder":7},{"__typename":"Category","id":3749,"name":"Chicken - Halal","hide":false,"dynamic":false,"parentId":3307,"displayOrder":17},{"__typename":"Category","id":4072,"name":"Chicken Musakhan Ingredients","hide":true,"dynamic":true,"parentId":null,"displayOrder":53},{"__typename":"Category","id":3751,"name":"Chicken - Nuggets \u0026 Cutlets","hide":false,"dynamic":false,"parentId":3307,"displayOrder":18},{"__typename":"Category","id":4634,"name":"Chicken, Raw","hide":false,"dynamic":true,"parentId":4631,"displayOrder":1},{"__typename":"Category","id":3748,"name":"Chicken - Tenderloins","hide":false,"dynamic":false,"parentId":3307,"displayOrder":16},{"__typename":"Category","id":4007,"name":"Chicken - Thighs \u0026 Leg Meat","hide":false,"dynamic":false,"parentId":3307,"displayOrder":15},{"__typename":"Category","id":3746,"name":"Chicken - Whole","hide":false,"dynamic":false,"parentId":3307,"displayOrder":14},{"__typename":"Category","id":3780,"name":"Chicken - Wings \u0026 Drumsticks","hide":false,"dynamic":false,"parentId":3307,"displayOrder":13},{"__typename":"Category","id":4613,"name":"Chicken Wing Things","hide":false,"dynamic":true,"parentId":4666,"displayOrder":1},{"__typename":"Category","id":4824,"name":"Chilequiles","hide":true,"dynamic":true,"parentId":null,"displayOrder":148},{"__typename":"Category","id":3502,"name":"Chips \u0026 Crisps","hide":false,"dynamic":false,"parentId":3486,"displayOrder":6},{"__typename":"Category","id":5008,"name":"Church Brothers Produce","hide":true,"dynamic":true,"parentId":null,"displayOrder":186},{"__typename":"Category","id":5009,"name":"Church Brothers Produce Items","hide":true,"dynamic":true,"parentId":5008,"displayOrder":1},{"__typename":"Category","id":4529,"name":"Church Brothers Products","hide":false,"dynamic":true,"parentId":4528,"displayOrder":1},{"__typename":"Category","id":4528,"name":"Church Brothers Products","hide":true,"dynamic":true,"parentId":null,"displayOrder":97},{"__typename":"Category","id":4693,"name":"CInco De Mayo","hide":true,"dynamic":true,"parentId":null,"displayOrder":123},{"__typename":"Category","id":3364,"name":"Citrus","hide":false,"dynamic":false,"parentId":3363,"displayOrder":1},{"__typename":"Category","id":3844,"name":"Cleaning","hide":false,"dynamic":true,"parentId":3824,"displayOrder":9},{"__typename":"Category","id":3392,"name":"Cleaning","hide":false,"dynamic":false,"parentId":null,"displayOrder":20},{"__typename":"Category","id":4857,"name":"Cleaning Solutions","hide":true,"dynamic":true,"parentId":null,"displayOrder":163},{"__typename":"Category","id":4103,"name":"Cleaning Supplies","hide":false,"dynamic":true,"parentId":4102,"displayOrder":6},{"__typename":"Category","id":4069,"name":"Cleaning Supplies","hide":false,"dynamic":true,"parentId":4008,"displayOrder":5},{"__typename":"Category","id":4040,"name":"Cleaning Supplies","hide":false,"dynamic":true,"parentId":4026,"displayOrder":5},{"__typename":"Category","id":4101,"name":"Cleaning Supplies","hide":false,"dynamic":true,"parentId":4095,"displayOrder":6},{"__typename":"Category","id":4092,"name":"Cleaning Supplies","hide":false,"dynamic":true,"parentId":4257,"displayOrder":5},{"__typename":"Category","id":4191,"name":"Cleaning Supplies","hide":false,"dynamic":true,"parentId":4181,"displayOrder":8},{"__typename":"Category","id":4707,"name":"Cleaning \u0026 Supply","hide":true,"dynamic":true,"parentId":4701,"displayOrder":6},{"__typename":"Category","id":4597,"name":"Clover Sonoma","hide":false,"dynamic":true,"parentId":4458,"displayOrder":4},{"__typename":"Category","id":4458,"name":"Clover Sonoma","hide":true,"dynamic":true,"parentId":null,"displayOrder":80},{"__typename":"Category","id":3518,"name":"Club Soda","hide":false,"dynamic":false,"parentId":3443,"displayOrder":6},{"__typename":"Category","id":4721,"name":"Cochinita Pibil","hide":true,"dynamic":true,"parentId":null,"displayOrder":127},{"__typename":"Category","id":3512,"name":"Coconut Water","hide":false,"dynamic":false,"parentId":3443,"displayOrder":7},{"__typename":"Category","id":3683,"name":"Cod","hide":false,"dynamic":false,"parentId":3367,"displayOrder":9},{"__typename":"Category","id":4876,"name":"Coffee","hide":true,"dynamic":true,"parentId":4862,"displayOrder":2},{"__typename":"Category","id":5418,"name":"Coffee and Tea","hide":true,"dynamic":true,"parentId":5414,"displayOrder":4},{"__typename":"Category","id":3517,"name":"Coffee (Ready to Drink)","hide":false,"dynamic":false,"parentId":3443,"displayOrder":8},{"__typename":"Category","id":5417,"name":"Coffee Ready-to-Drink","hide":true,"dynamic":true,"parentId":5414,"displayOrder":3},{"__typename":"Category","id":3695,"name":"Coffee \u0026 Tea","hide":false,"dynamic":false,"parentId":3443,"displayOrder":11},{"__typename":"Category","id":4862,"name":"Coffee \u0026 Tea","hide":true,"dynamic":true,"parentId":null,"displayOrder":162},{"__typename":"Category","id":4308,"name":"Compostable","hide":false,"dynamic":true,"parentId":3617,"displayOrder":12},{"__typename":"Category","id":4401,"name":"Compostable Carry Out V2","hide":false,"dynamic":true,"parentId":4399,"displayOrder":7},{"__typename":"Category","id":4403,"name":"Compostable Cups Lids \u0026 Straws V2","hide":false,"dynamic":true,"parentId":4399,"displayOrder":4},{"__typename":"Category","id":4404,"name":"Compostable Cutlery V2","hide":false,"dynamic":true,"parentId":4399,"displayOrder":2},{"__typename":"Category","id":4402,"name":"Compostable Hinged Containers","hide":false,"dynamic":true,"parentId":4399,"displayOrder":3},{"__typename":"Category","id":3341,"name":"Compostable Products","hide":false,"dynamic":false,"parentId":3332,"displayOrder":32},{"__typename":"Category","id":4399,"name":"Compostables","hide":false,"dynamic":false,"parentId":null,"displayOrder":20},{"__typename":"Category","id":4682,"name":"Conagra Brands","hide":true,"dynamic":true,"parentId":null,"displayOrder":118},{"__typename":"Category","id":3697,"name":"Condensed \u0026 Evaporated Milk","hide":false,"dynamic":false,"parentId":3373,"displayOrder":40},{"__typename":"Category","id":3930,"name":"Condiments","hide":false,"dynamic":true,"parentId":3926,"displayOrder":3},{"__typename":"Category","id":4980,"name":"Condiments","hide":true,"dynamic":true,"parentId":4978,"displayOrder":5},{"__typename":"Category","id":4159,"name":"Condiments \u0026 Dressings","hide":false,"dynamic":true,"parentId":4257,"displayOrder":16},{"__typename":"Category","id":4078,"name":"Condiments \u0026 Dressings","hide":false,"dynamic":true,"parentId":4008,"displayOrder":15},{"__typename":"Category","id":4130,"name":"Condiments \u0026 Dressings","hide":false,"dynamic":true,"parentId":4102,"displayOrder":7},{"__typename":"Category","id":4139,"name":"Condiments \u0026 Dressings","hide":false,"dynamic":true,"parentId":4026,"displayOrder":17},{"__typename":"Category","id":4192,"name":"Condiments, Dressings, \u0026 Dips","hide":false,"dynamic":true,"parentId":4181,"displayOrder":9},{"__typename":"Category","id":4104,"name":"Condiments \u0026 Sauces","hide":false,"dynamic":true,"parentId":4095,"displayOrder":7},{"__typename":"Category","id":3692,"name":"Cookies (Ready to Eat)","hide":false,"dynamic":false,"parentId":3486,"displayOrder":7},{"__typename":"Category","id":5371,"name":"Cooking Oil Deals","hide":true,"dynamic":true,"parentId":5370,"displayOrder":1},{"__typename":"Category","id":5370,"name":"Cooking Oil Deals","hide":true,"dynamic":true,"parentId":null,"displayOrder":199},{"__typename":"Category","id":4725,"name":"Cooking Oils","hide":true,"dynamic":true,"parentId":null,"displayOrder":128},{"__typename":"Category","id":5413,"name":"Cooking Wine","hide":false,"dynamic":false,"parentId":3373,"displayOrder":50},{"__typename":"Category","id":3451,"name":"Cookware","hide":false,"dynamic":false,"parentId":3446,"displayOrder":4},{"__typename":"Category","id":4517,"name":"Cottage Cheese","hide":false,"dynamic":false,"parentId":3365,"displayOrder":7},{"__typename":"Category","id":4823,"name":"Couscous","hide":true,"dynamic":true,"parentId":4821,"displayOrder":2},{"__typename":"Category","id":3439,"name":"Crab \u0026 Lobster","hide":false,"dynamic":false,"parentId":3367,"displayOrder":2},{"__typename":"Category","id":3487,"name":"Crackers","hide":false,"dynamic":false,"parentId":3486,"displayOrder":2},{"__typename":"Category","id":3526,"name":"Cream Cheese","hide":false,"dynamic":false,"parentId":3365,"displayOrder":2},{"__typename":"Category","id":3493,"name":"Cream \u0026 Creamers","hide":false,"dynamic":false,"parentId":3456,"displayOrder":4},{"__typename":"Category","id":3522,"name":"Crumbled, Cubed, Grated, Shaved","hide":false,"dynamic":false,"parentId":3365,"displayOrder":3},{"__typename":"Category","id":3317,"name":"Cucumbers","hide":false,"dynamic":false,"parentId":3311,"displayOrder":11},{"__typename":"Category","id":3508,"name":"Cultured Dairy","hide":false,"dynamic":false,"parentId":3456,"displayOrder":5},{"__typename":"Category","id":3720,"name":"Cutlery","hide":false,"dynamic":false,"parentId":3332,"displayOrder":4},{"__typename":"Category","id":4225,"name":"Daily\'s","hide":true,"dynamic":true,"parentId":null,"displayOrder":65},{"__typename":"Category","id":4677,"name":"Dairy","hide":true,"dynamic":true,"parentId":4675,"displayOrder":4},{"__typename":"Category","id":4033,"name":"Dairy","hide":false,"dynamic":true,"parentId":4026,"displayOrder":6},{"__typename":"Category","id":3957,"name":"Dairy","hide":false,"dynamic":true,"parentId":3951,"displayOrder":5},{"__typename":"Category","id":3855,"name":"Dairy","hide":false,"dynamic":true,"parentId":3841,"displayOrder":4},{"__typename":"Category","id":3771,"name":"Dairy","hide":false,"dynamic":true,"parentId":3779,"displayOrder":1},{"__typename":"Category","id":4193,"name":"Dairy","hide":false,"dynamic":true,"parentId":4181,"displayOrder":10},{"__typename":"Category","id":4516,"name":"Dairy","hide":false,"dynamic":true,"parentId":4265,"displayOrder":6},{"__typename":"Category","id":3619,"name":"Dairy","hide":false,"dynamic":true,"parentId":3617,"displayOrder":8},{"__typename":"Category","id":4963,"name":"Dairy","hide":true,"dynamic":true,"parentId":4959,"displayOrder":3},{"__typename":"Category","id":3956,"name":"Dairy","hide":false,"dynamic":true,"parentId":4759,"displayOrder":6},{"__typename":"Category","id":5019,"name":"Dairy","hide":true,"dynamic":true,"parentId":5016,"displayOrder":3},{"__typename":"Category","id":3955,"name":"Dairy","hide":false,"dynamic":true,"parentId":3936,"displayOrder":3},{"__typename":"Category","id":4974,"name":"Dairy","hide":true,"dynamic":true,"parentId":4964,"displayOrder":10},{"__typename":"Category","id":3817,"name":"Dairy","hide":false,"dynamic":true,"parentId":3813,"displayOrder":1},{"__typename":"Category","id":4623,"name":"Dairy","hide":false,"dynamic":true,"parentId":4619,"displayOrder":5},{"__typename":"Category","id":3954,"name":"Dairy","hide":false,"dynamic":true,"parentId":3934,"displayOrder":5},{"__typename":"Category","id":4034,"name":"Dairy","hide":false,"dynamic":true,"parentId":4257,"displayOrder":6},{"__typename":"Category","id":4013,"name":"Dairy","hide":false,"dynamic":true,"parentId":4008,"displayOrder":7},{"__typename":"Category","id":3456,"name":"Dairy","hide":false,"dynamic":false,"parentId":null,"displayOrder":7},{"__typename":"Category","id":4105,"name":"Dairy","hide":false,"dynamic":true,"parentId":4095,"displayOrder":8},{"__typename":"Category","id":3901,"name":"Dairy","hide":false,"dynamic":true,"parentId":3898,"displayOrder":3},{"__typename":"Category","id":3870,"name":"Dairy","hide":false,"dynamic":true,"parentId":3867,"displayOrder":2},{"__typename":"Category","id":3630,"name":"Dairy","hide":false,"dynamic":true,"parentId":3582,"displayOrder":2},{"__typename":"Category","id":4999,"name":"Dairy and Cheese","hide":true,"dynamic":true,"parentId":4631,"displayOrder":7},{"__typename":"Category","id":4943,"name":"Dal","hide":true,"dynamic":true,"parentId":4958,"displayOrder":9},{"__typename":"Category","id":4281,"name":"Deb El","hide":false,"dynamic":true,"parentId":4268,"displayOrder":13},{"__typename":"Category","id":3397,"name":"Degreasers","hide":false,"dynamic":false,"parentId":3392,"displayOrder":9},{"__typename":"Category","id":3482,"name":"Deli","hide":false,"dynamic":false,"parentId":null,"displayOrder":13},{"__typename":"Category","id":3627,"name":"Deli \u0026 Prepared Foods","hide":false,"dynamic":true,"parentId":3582,"displayOrder":3},{"__typename":"Category","id":4700,"name":"Despensa","hide":true,"dynamic":true,"parentId":4693,"displayOrder":6},{"__typename":"Category","id":4625,"name":"Desserts","hide":false,"dynamic":true,"parentId":4619,"displayOrder":6},{"__typename":"Category","id":4967,"name":"Desserts","hide":true,"dynamic":true,"parentId":4964,"displayOrder":4},{"__typename":"Category","id":3331,"name":"Desserts","hide":false,"dynamic":false,"parentId":3330,"displayOrder":3},{"__typename":"Category","id":3871,"name":"Desserts","hide":false,"dynamic":true,"parentId":3867,"displayOrder":3},{"__typename":"Category","id":3556,"name":"Dessert Toppings \u0026 Cones","hide":false,"dynamic":false,"parentId":3373,"displayOrder":13},{"__typename":"Category","id":3398,"name":"Detergent","hide":false,"dynamic":false,"parentId":3392,"displayOrder":10},{"__typename":"Category","id":5004,"name":"Devanco Deals","hide":true,"dynamic":true,"parentId":null,"displayOrder":185},{"__typename":"Category","id":5000,"name":"Devanco Foods Deal","hide":true,"dynamic":true,"parentId":null,"displayOrder":184},{"__typename":"Category","id":3841,"name":"Diner Menu Essentials","hide":true,"dynamic":true,"parentId":null,"displayOrder":32},{"__typename":"Category","id":3469,"name":"Dinnerware","hide":false,"dynamic":false,"parentId":3446,"displayOrder":5},{"__typename":"Category","id":5051,"name":"Dinnerware","hide":false,"dynamic":false,"parentId":3332,"displayOrder":35},{"__typename":"Category","id":3399,"name":"Dish Soap","hide":false,"dynamic":false,"parentId":3392,"displayOrder":11},{"__typename":"Category","id":3332,"name":"Disposables","hide":false,"dynamic":false,"parentId":null,"displayOrder":19},{"__typename":"Category","id":4833,"name":"Disposables","hide":true,"dynamic":true,"parentId":4828,"displayOrder":3},{"__typename":"Category","id":4766,"name":"Disposables","hide":true,"dynamic":true,"parentId":4759,"displayOrder":25},{"__typename":"Category","id":4262,"name":"Disposables","hide":false,"dynamic":true,"parentId":3617,"displayOrder":13},{"__typename":"Category","id":4708,"name":"Disposables","hide":true,"dynamic":true,"parentId":4701,"displayOrder":7},{"__typename":"Category","id":4954,"name":"Diwali","hide":true,"dynamic":true,"parentId":null,"displayOrder":173},{"__typename":"Category","id":4958,"name":"Diwali 2023","hide":true,"dynamic":true,"parentId":null,"displayOrder":174},{"__typename":"Category","id":3334,"name":"Dough","hide":false,"dynamic":false,"parentId":3330,"displayOrder":4},{"__typename":"Category","id":3925,"name":"Dough","hide":false,"dynamic":true,"parentId":3922,"displayOrder":1},{"__typename":"Category","id":3848,"name":"Dressings \u0026 Dips","hide":false,"dynamic":true,"parentId":3841,"displayOrder":6},{"__typename":"Category","id":3940,"name":"Dressings \u0026 Dips","hide":false,"dynamic":true,"parentId":4759,"displayOrder":12},{"__typename":"Category","id":3825,"name":"Dressings \u0026 Dips","hide":false,"dynamic":true,"parentId":3824,"displayOrder":4},{"__typename":"Category","id":3912,"name":"Dressings \u0026 Dips","hide":false,"dynamic":true,"parentId":3898,"displayOrder":5},{"__typename":"Category","id":3943,"name":"Dressings \u0026 Dips","hide":false,"dynamic":true,"parentId":3934,"displayOrder":6},{"__typename":"Category","id":3437,"name":"Dressings \u0026 Toppings","hide":false,"dynamic":false,"parentId":3373,"displayOrder":14},{"__typename":"Category","id":4671,"name":"Dried Fruit","hide":true,"dynamic":true,"parentId":4667,"displayOrder":6},{"__typename":"Category","id":3389,"name":"Dried Fruits","hide":false,"dynamic":false,"parentId":3373,"displayOrder":25},{"__typename":"Category","id":3418,"name":"Dried Pasta","hide":false,"dynamic":false,"parentId":3373,"displayOrder":26},{"__typename":"Category","id":4626,"name":"Dried Pasta","hide":false,"dynamic":false,"parentId":3330,"displayOrder":18},{"__typename":"Category","id":3694,"name":"Drink Bases \u0026 Mixes","hide":false,"dynamic":false,"parentId":3443,"displayOrder":3},{"__typename":"Category","id":3982,"name":"Drinks","hide":false,"dynamic":true,"parentId":3936,"displayOrder":4},{"__typename":"Category","id":3858,"name":"Drinks","hide":false,"dynamic":true,"parentId":3841,"displayOrder":7},{"__typename":"Category","id":3838,"name":"Drinks","hide":false,"dynamic":true,"parentId":3824,"displayOrder":5},{"__typename":"Category","id":3995,"name":"Drinks","hide":false,"dynamic":true,"parentId":3934,"displayOrder":7},{"__typename":"Category","id":3983,"name":"Drinks","hide":false,"dynamic":true,"parentId":4759,"displayOrder":15},{"__typename":"Category","id":3913,"name":"Drinks","hide":false,"dynamic":true,"parentId":3898,"displayOrder":6},{"__typename":"Category","id":3872,"name":"Drinks","hide":false,"dynamic":true,"parentId":3867,"displayOrder":4},{"__typename":"Category","id":3818,"name":"Drinks","hide":false,"dynamic":true,"parentId":3813,"displayOrder":3},{"__typename":"Category","id":5419,"name":"Drinks and Mixes","hide":true,"dynamic":true,"parentId":5414,"displayOrder":5},{"__typename":"Category","id":4955,"name":"Dry Grocery","hide":true,"dynamic":true,"parentId":4958,"displayOrder":5},{"__typename":"Category","id":3833,"name":"Dry Grocery","hide":false,"dynamic":true,"parentId":3824,"displayOrder":7},{"__typename":"Category","id":4962,"name":"Dry Grocery","hide":true,"dynamic":true,"parentId":4959,"displayOrder":4},{"__typename":"Category","id":4968,"name":"Dry Grocery","hide":true,"dynamic":true,"parentId":4964,"displayOrder":8},{"__typename":"Category","id":4307,"name":"Dry Grocery Items","hide":false,"dynamic":true,"parentId":3617,"displayOrder":15},{"__typename":"Category","id":3558,"name":"Dry Mixes","hide":false,"dynamic":false,"parentId":3373,"displayOrder":20},{"__typename":"Category","id":4675,"name":"Easter","hide":true,"dynamic":true,"parentId":null,"displayOrder":120},{"__typename":"Category","id":3315,"name":"Eggplant \u0026 Squash","hide":false,"dynamic":false,"parentId":3311,"displayOrder":12},{"__typename":"Category","id":4043,"name":"Eggs","hide":false,"dynamic":true,"parentId":4026,"displayOrder":7},{"__typename":"Category","id":4680,"name":"Eggs","hide":true,"dynamic":true,"parentId":4675,"displayOrder":1},{"__typename":"Category","id":3505,"name":"Eggs","hide":false,"dynamic":false,"parentId":3456,"displayOrder":2},{"__typename":"Category","id":4194,"name":"Eggs","hide":false,"dynamic":true,"parentId":4181,"displayOrder":11},{"__typename":"Category","id":4106,"name":"Eggs","hide":false,"dynamic":true,"parentId":4095,"displayOrder":9},{"__typename":"Category","id":4014,"name":"Eggs","hide":false,"dynamic":true,"parentId":4008,"displayOrder":6},{"__typename":"Category","id":4140,"name":"Eggs","hide":false,"dynamic":true,"parentId":4102,"displayOrder":9},{"__typename":"Category","id":4044,"name":"Eggs","hide":false,"dynamic":true,"parentId":4257,"displayOrder":7},{"__typename":"Category","id":3926,"name":"End of Summer Grilling Essentials","hide":true,"dynamic":true,"parentId":null,"displayOrder":37},{"__typename":"Category","id":5420,"name":"Energy and Sports","hide":true,"dynamic":true,"parentId":5414,"displayOrder":6},{"__typename":"Category","id":4869,"name":"Energy Drinks","hide":true,"dynamic":true,"parentId":null,"displayOrder":158},{"__typename":"Category","id":3515,"name":"Energy Drinks","hide":false,"dynamic":false,"parentId":3443,"displayOrder":9},{"__typename":"Category","id":3400,"name":"Equipment","hide":false,"dynamic":false,"parentId":3392,"displayOrder":12},{"__typename":"Category","id":5020,"name":"Equipment \u0026 Supplies","hide":true,"dynamic":true,"parentId":5016,"displayOrder":4},{"__typename":"Category","id":4765,"name":"Equipment \u0026 Supplies","hide":true,"dynamic":true,"parentId":4759,"displayOrder":24},{"__typename":"Category","id":4665,"name":"Essentials","hide":true,"dynamic":true,"parentId":4664,"displayOrder":1},{"__typename":"Category","id":4810,"name":"European Pasta - Raviolo","hide":true,"dynamic":true,"parentId":null,"displayOrder":144},{"__typename":"Category","id":4461,"name":"Everyday Disposables","hide":true,"dynamic":true,"parentId":null,"displayOrder":82},{"__typename":"Category","id":4273,"name":"Fabri-Kal","hide":false,"dynamic":true,"parentId":4268,"displayOrder":3},{"__typename":"Category","id":3582,"name":"Family Friendly","hide":true,"dynamic":true,"parentId":null,"displayOrder":24},{"__typename":"Category","id":3779,"name":"Featured Cuisine – Indian","hide":true,"dynamic":true,"parentId":null,"displayOrder":29},{"__typename":"Category","id":3922,"name":"Featured Cuisine - Pizza","hide":true,"dynamic":true,"parentId":null,"displayOrder":36},{"__typename":"Category","id":4004,"name":"Featured Mozzarella","hide":true,"dynamic":true,"parentId":null,"displayOrder":45},{"__typename":"Category","id":5429,"name":"Flatware","hide":false,"dynamic":false,"parentId":4399,"displayOrder":8},{"__typename":"Category","id":4049,"name":"Flour","hide":false,"dynamic":true,"parentId":4026,"displayOrder":8},{"__typename":"Category","id":4050,"name":"Flour","hide":false,"dynamic":true,"parentId":4257,"displayOrder":8},{"__typename":"Category","id":4195,"name":"Flour","hide":false,"dynamic":true,"parentId":4181,"displayOrder":12},{"__typename":"Category","id":4015,"name":"Flour","hide":false,"dynamic":true,"parentId":4008,"displayOrder":8},{"__typename":"Category","id":4141,"name":"Flour","hide":false,"dynamic":true,"parentId":4102,"displayOrder":10},{"__typename":"Category","id":4951,"name":"Flour","hide":true,"dynamic":true,"parentId":4950,"displayOrder":1},{"__typename":"Category","id":4108,"name":"Flour","hide":false,"dynamic":true,"parentId":4095,"displayOrder":10},{"__typename":"Category","id":3387,"name":"Flour \u0026 Corn Meal","hide":false,"dynamic":false,"parentId":3373,"displayOrder":37},{"__typename":"Category","id":3714,"name":"Foam Containers","hide":false,"dynamic":false,"parentId":3332,"displayOrder":20},{"__typename":"Category","id":3722,"name":"Foil Pans \u0026 Lids","hide":false,"dynamic":false,"parentId":3332,"displayOrder":23},{"__typename":"Category","id":3455,"name":"Food Storage Bags","hide":false,"dynamic":false,"parentId":3332,"displayOrder":6},{"__typename":"Category","id":3873,"name":"Food Storage Essentials","hide":false,"dynamic":true,"parentId":3867,"displayOrder":5},{"__typename":"Category","id":3859,"name":"Food Storage Essentials","hide":false,"dynamic":true,"parentId":3841,"displayOrder":8},{"__typename":"Category","id":3336,"name":"Food Wrap","hide":false,"dynamic":false,"parentId":3332,"displayOrder":7},{"__typename":"Category","id":4884,"name":"Football Season","hide":true,"dynamic":true,"parentId":null,"displayOrder":166},{"__typename":"Category","id":5011,"name":"Football Season \'24","hide":true,"dynamic":true,"parentId":5010,"displayOrder":1},{"__typename":"Category","id":5010,"name":"Football Season \'24","hide":true,"dynamic":true,"parentId":null,"displayOrder":187},{"__typename":"Category","id":4850,"name":"Football Seasonal","hide":true,"dynamic":true,"parentId":null,"displayOrder":154},{"__typename":"Category","id":4790,"name":"For Ban Chan","hide":true,"dynamic":true,"parentId":4787,"displayOrder":3},{"__typename":"Category","id":4789,"name":"For Bibimbap","hide":true,"dynamic":true,"parentId":4787,"displayOrder":2},{"__typename":"Category","id":4775,"name":"For Cajun Butter Beans","hide":true,"dynamic":true,"parentId":4773,"displayOrder":2},{"__typename":"Category","id":4788,"name":"For Kalbi","hide":true,"dynamic":true,"parentId":4787,"displayOrder":1},{"__typename":"Category","id":4774,"name":"For Pork Chop","hide":true,"dynamic":true,"parentId":4773,"displayOrder":1},{"__typename":"Category","id":4777,"name":"For the Au Jus","hide":true,"dynamic":true,"parentId":4776,"displayOrder":3},{"__typename":"Category","id":4783,"name":"For the Cajun Bacon Cream","hide":true,"dynamic":true,"parentId":4781,"displayOrder":2},{"__typename":"Category","id":4782,"name":"For the Cheesy Grits","hide":true,"dynamic":true,"parentId":4781,"displayOrder":1},{"__typename":"Category","id":4718,"name":"For the Chicken","hide":true,"dynamic":true,"parentId":4717,"displayOrder":1},{"__typename":"Category","id":4722,"name":"For the Cochinita Pibil","hide":true,"dynamic":true,"parentId":4721,"displayOrder":1},{"__typename":"Category","id":4778,"name":"For the Frites","hide":true,"dynamic":true,"parentId":4776,"displayOrder":2},{"__typename":"Category","id":3962,"name":"For the Fryer","hide":false,"dynamic":true,"parentId":3961,"displayOrder":11},{"__typename":"Category","id":3860,"name":"For the Fryer","hide":false,"dynamic":true,"parentId":3841,"displayOrder":9},{"__typename":"Category","id":3944,"name":"For the Fryer","hide":false,"dynamic":true,"parentId":3934,"displayOrder":8},{"__typename":"Category","id":3820,"name":"For the Fryer","hide":false,"dynamic":true,"parentId":3813,"displayOrder":4},{"__typename":"Category","id":3874,"name":"For the Fryer","hide":false,"dynamic":true,"parentId":3867,"displayOrder":6},{"__typename":"Category","id":4818,"name":"For the Koftas","hide":true,"dynamic":true,"parentId":4817,"displayOrder":1},{"__typename":"Category","id":4779,"name":"For the Ribeye Steak","hide":true,"dynamic":true,"parentId":4776,"displayOrder":1},{"__typename":"Category","id":4795,"name":"For the Sandwich","hide":true,"dynamic":true,"parentId":4793,"displayOrder":3},{"__typename":"Category","id":4720,"name":"For the Serving","hide":true,"dynamic":true,"parentId":4717,"displayOrder":3},{"__typename":"Category","id":4724,"name":"For the Serving","hide":true,"dynamic":true,"parentId":4721,"displayOrder":3},{"__typename":"Category","id":4723,"name":"For the Xnipec","hide":true,"dynamic":true,"parentId":4721,"displayOrder":2},{"__typename":"Category","id":4719,"name":"For the Yeasted Waffles","hide":true,"dynamic":true,"parentId":4717,"displayOrder":2},{"__typename":"Category","id":4878,"name":"Fountain","hide":true,"dynamic":true,"parentId":4865,"displayOrder":4},{"__typename":"Category","id":4631,"name":"Freezer Deals","hide":true,"dynamic":true,"parentId":null,"displayOrder":116},{"__typename":"Category","id":4793,"name":"French Onion Dip","hide":true,"dynamic":true,"parentId":null,"displayOrder":138},{"__typename":"Category","id":4794,"name":"French Onion Soup","hide":true,"dynamic":true,"parentId":4793,"displayOrder":1},{"__typename":"Category","id":4250,"name":"Fresh Breads","hide":false,"dynamic":false,"parentId":3452,"displayOrder":1},{"__typename":"Category","id":4220,"name":"Fresh Cheese","hide":true,"dynamic":true,"parentId":4219,"displayOrder":1},{"__typename":"Category","id":4233,"name":"Fresh from the Farm","hide":false,"dynamic":true,"parentId":3961,"displayOrder":2},{"__typename":"Category","id":3821,"name":"Fresh from the Farm","hide":false,"dynamic":true,"parentId":3813,"displayOrder":5},{"__typename":"Category","id":3849,"name":"Fresh from the Farm","hide":false,"dynamic":true,"parentId":3841,"displayOrder":10},{"__typename":"Category","id":3949,"name":"Fresh from the Farm","hide":false,"dynamic":true,"parentId":3936,"displayOrder":5},{"__typename":"Category","id":3875,"name":"Fresh from the Farm","hide":false,"dynamic":true,"parentId":3867,"displayOrder":7},{"__typename":"Category","id":3986,"name":"Fresh from the Farm","hide":false,"dynamic":true,"parentId":4759,"displayOrder":2},{"__typename":"Category","id":3985,"name":"Fresh from the Farm","hide":false,"dynamic":true,"parentId":3934,"displayOrder":9},{"__typename":"Category","id":3905,"name":"Fresh from the Farm","hide":false,"dynamic":true,"parentId":3898,"displayOrder":7},{"__typename":"Category","id":3941,"name":"Fresh from the Meat Locker","hide":false,"dynamic":true,"parentId":3936,"displayOrder":6},{"__typename":"Category","id":3363,"name":"Fresh Fruit","hide":false,"dynamic":false,"parentId":null,"displayOrder":10},{"__typename":"Category","id":5014,"name":"Fresh Greens","hide":true,"dynamic":true,"parentId":5012,"displayOrder":2},{"__typename":"Category","id":5013,"name":"Fresh Herbs","hide":true,"dynamic":true,"parentId":5012,"displayOrder":1},{"__typename":"Category","id":3444,"name":"Fresh Juices","hide":false,"dynamic":false,"parentId":3443,"displayOrder":10},{"__typename":"Category","id":4532,"name":"Fresh Mozz","hide":false,"dynamic":true,"parentId":4004,"displayOrder":5},{"__typename":"Category","id":4904,"name":"Fresh Mozzarella","hide":true,"dynamic":true,"parentId":4903,"displayOrder":1},{"__typename":"Category","id":4672,"name":"Fresh Produce","hide":true,"dynamic":true,"parentId":4667,"displayOrder":7},{"__typename":"Category","id":3620,"name":"Fresh Produce","hide":false,"dynamic":true,"parentId":3617,"displayOrder":3},{"__typename":"Category","id":3837,"name":"Fresh Produce","hide":false,"dynamic":true,"parentId":3824,"displayOrder":6},{"__typename":"Category","id":3587,"name":"Fresh Produce","hide":false,"dynamic":true,"parentId":3582,"displayOrder":4},{"__typename":"Category","id":5012,"name":"Fresh Produce \'24","hide":true,"dynamic":true,"parentId":null,"displayOrder":188},{"__typename":"Category","id":3311,"name":"Fresh Vegetables","hide":false,"dynamic":false,"parentId":null,"displayOrder":9},{"__typename":"Category","id":5015,"name":"Fresh Veggies","hide":true,"dynamic":true,"parentId":5012,"displayOrder":3},{"__typename":"Category","id":4717,"name":"Fried Chicken \u0026 Waffles","hide":true,"dynamic":true,"parentId":null,"displayOrder":126},{"__typename":"Category","id":4695,"name":"Frijoles y Arroz","hide":true,"dynamic":true,"parentId":4693,"displayOrder":4},{"__typename":"Category","id":3960,"name":"From the Freezer","hide":false,"dynamic":true,"parentId":3951,"displayOrder":7},{"__typename":"Category","id":3822,"name":"From the Meat Locker","hide":false,"dynamic":true,"parentId":3813,"displayOrder":6},{"__typename":"Category","id":3906,"name":"From the Meat Locker","hide":false,"dynamic":true,"parentId":3898,"displayOrder":9},{"__typename":"Category","id":3987,"name":"From the Meat Locker","hide":false,"dynamic":true,"parentId":3934,"displayOrder":10},{"__typename":"Category","id":3878,"name":"From the Meat Locker","hide":false,"dynamic":true,"parentId":3867,"displayOrder":8},{"__typename":"Category","id":3942,"name":"From the Meat Locker","hide":false,"dynamic":true,"parentId":4759,"displayOrder":14},{"__typename":"Category","id":3854,"name":"From the Meat Locker","hide":false,"dynamic":true,"parentId":3841,"displayOrder":11},{"__typename":"Category","id":3989,"name":"From the Pantry","hide":false,"dynamic":true,"parentId":3936,"displayOrder":13},{"__typename":"Category","id":3935,"name":"From the Pantry","hide":false,"dynamic":true,"parentId":3934,"displayOrder":11},{"__typename":"Category","id":3907,"name":"From the Pantry","hide":false,"dynamic":true,"parentId":3898,"displayOrder":10},{"__typename":"Category","id":3988,"name":"From the Pantry","hide":false,"dynamic":true,"parentId":4759,"displayOrder":5},{"__typename":"Category","id":3880,"name":"From the Pantry","hide":false,"dynamic":true,"parentId":3867,"displayOrder":9},{"__typename":"Category","id":3861,"name":"From the Pantry","hide":false,"dynamic":true,"parentId":3841,"displayOrder":12},{"__typename":"Category","id":3823,"name":"From the Pantry","hide":false,"dynamic":true,"parentId":3813,"displayOrder":7},{"__typename":"Category","id":3974,"name":"From the Pantry","hide":false,"dynamic":true,"parentId":3961,"displayOrder":5},{"__typename":"Category","id":3958,"name":"From the Pantry","hide":false,"dynamic":true,"parentId":3951,"displayOrder":6},{"__typename":"Category","id":5366,"name":"FroYo Frenzy","hide":true,"dynamic":true,"parentId":null,"displayOrder":198},{"__typename":"Category","id":4548,"name":"Frozen","hide":false,"dynamic":true,"parentId":4265,"displayOrder":11},{"__typename":"Category","id":3330,"name":"Frozen","hide":false,"dynamic":false,"parentId":null,"displayOrder":16},{"__typename":"Category","id":3602,"name":"Frozen","hide":false,"dynamic":true,"parentId":3582,"displayOrder":5},{"__typename":"Category","id":4080,"name":"Frozen ","hide":false,"dynamic":true,"parentId":4008,"displayOrder":17},{"__typename":"Category","id":4254,"name":"Frozen Breads","hide":false,"dynamic":false,"parentId":3452,"displayOrder":4},{"__typename":"Category","id":5050,"name":"Frozen Frenzy","hide":true,"dynamic":true,"parentId":5049,"displayOrder":1},{"__typename":"Category","id":5049,"name":"Frozen Frenzy","hide":true,"dynamic":true,"parentId":null,"displayOrder":190},{"__typename":"Category","id":4956,"name":"Frozen Grocery","hide":true,"dynamic":true,"parentId":4958,"displayOrder":2},{"__typename":"Category","id":3990,"name":"Frozen Vegetables","hide":false,"dynamic":true,"parentId":4759,"displayOrder":17},{"__typename":"Category","id":3826,"name":"Frozen Vegetables and Blends","hide":false,"dynamic":true,"parentId":3813,"displayOrder":8},{"__typename":"Category","id":5367,"name":"Frozen Yogurts","hide":true,"dynamic":true,"parentId":5366,"displayOrder":1},{"__typename":"Category","id":3342,"name":"Fruit","hide":false,"dynamic":false,"parentId":3330,"displayOrder":6},{"__typename":"Category","id":5087,"name":"Fruits N Vegetables","hide":true,"dynamic":true,"parentId":5085,"displayOrder":2},{"__typename":"Category","id":3550,"name":"Fuel \u0026 Batteries \u0026 Charcoal","hide":false,"dynamic":false,"parentId":3446,"displayOrder":6},{"__typename":"Category","id":4903,"name":"Galbani","hide":true,"dynamic":true,"parentId":null,"displayOrder":170},{"__typename":"Category","id":5427,"name":"Galbani Premio Cheese","hide":true,"dynamic":true,"parentId":null,"displayOrder":207},{"__typename":"Category","id":5428,"name":"Galbani Premio Cheese","hide":true,"dynamic":true,"parentId":5427,"displayOrder":1},{"__typename":"Category","id":4791,"name":"Gamja Jorim (Korean Potato Stew)","hide":true,"dynamic":true,"parentId":null,"displayOrder":137},{"__typename":"Category","id":4792,"name":"Gamja Jorim (Korean Potato Stew)","hide":true,"dynamic":true,"parentId":4791,"displayOrder":1},{"__typename":"Category","id":4683,"name":"Gardein","hide":true,"dynamic":true,"parentId":4682,"displayOrder":2},{"__typename":"Category","id":4820,"name":"Garnish","hide":true,"dynamic":true,"parentId":4817,"displayOrder":3},{"__typename":"Category","id":4875,"name":"Gatorade","hide":true,"dynamic":true,"parentId":4873,"displayOrder":2},{"__typename":"Category","id":4950,"name":"General Mills","hide":true,"dynamic":true,"parentId":null,"displayOrder":171},{"__typename":"Category","id":3318,"name":"Ginger","hide":false,"dynamic":false,"parentId":3311,"displayOrder":18},{"__typename":"Category","id":4867,"name":"Glass","hide":true,"dynamic":true,"parentId":4865,"displayOrder":1},{"__typename":"Category","id":4849,"name":"Glasses, Cups, Mugs","hide":false,"dynamic":false,"parentId":3332,"displayOrder":34},{"__typename":"Category","id":3542,"name":"Glasses, Cups, Mugs","hide":false,"dynamic":false,"parentId":3446,"displayOrder":1},{"__typename":"Category","id":3723,"name":"Gloves","hide":false,"dynamic":false,"parentId":3332,"displayOrder":13},{"__typename":"Category","id":4389,"name":"Grab \u0026 Go","hide":true,"dynamic":true,"parentId":null,"displayOrder":23},{"__typename":"Category","id":4392,"name":"Grab \u0026 Go Beverages","hide":false,"dynamic":true,"parentId":4389,"displayOrder":2},{"__typename":"Category","id":4391,"name":"Grab \u0026 Go Snacks","hide":false,"dynamic":true,"parentId":4389,"displayOrder":4},{"__typename":"Category","id":4863,"name":"Grab \'N Go","hide":true,"dynamic":true,"parentId":4862,"displayOrder":1},{"__typename":"Category","id":4673,"name":"Grains/Legumes","hide":true,"dynamic":true,"parentId":4667,"displayOrder":4},{"__typename":"Category","id":4819,"name":"Gravy","hide":true,"dynamic":true,"parentId":4817,"displayOrder":2},{"__typename":"Category","id":5021,"name":"Grocery","hide":true,"dynamic":true,"parentId":5016,"displayOrder":5},{"__typename":"Category","id":4764,"name":"Grocery","hide":true,"dynamic":true,"parentId":4759,"displayOrder":23},{"__typename":"Category","id":3373,"name":"Grocery","hide":false,"dynamic":false,"parentId":null,"displayOrder":12},{"__typename":"Category","id":4971,"name":"Gyro","hide":true,"dynamic":true,"parentId":4964,"displayOrder":1},{"__typename":"Category","id":3760,"name":"Gyro Cones \u0026 Slices","hide":false,"dynamic":false,"parentId":3307,"displayOrder":26},{"__typename":"Category","id":4669,"name":"Halal Beef","hide":true,"dynamic":true,"parentId":4667,"displayOrder":2},{"__typename":"Category","id":4670,"name":"Halal Chicken","hide":true,"dynamic":true,"parentId":4667,"displayOrder":1},{"__typename":"Category","id":4674,"name":"Halal Lamb","hide":true,"dynamic":true,"parentId":4667,"displayOrder":3},{"__typename":"Category","id":3533,"name":"Ham","hide":false,"dynamic":false,"parentId":3482,"displayOrder":4},{"__typename":"Category","id":4681,"name":"Ham, Bacon, Sausage","hide":true,"dynamic":true,"parentId":4675,"displayOrder":6},{"__typename":"Category","id":4702,"name":"Ham, Bacon, Sausage","hide":true,"dynamic":true,"parentId":4701,"displayOrder":1},{"__typename":"Category","id":3406,"name":"Hand Soap","hide":false,"dynamic":false,"parentId":3392,"displayOrder":4},{"__typename":"Category","id":4221,"name":"Hard Cheese","hide":true,"dynamic":true,"parentId":4219,"displayOrder":2},{"__typename":"Category","id":4425,"name":"Harris Ranch ","hide":true,"dynamic":true,"parentId":null,"displayOrder":79},{"__typename":"Category","id":5431,"name":"Hatfield Deli","hide":true,"dynamic":true,"parentId":5376,"displayOrder":2},{"__typename":"Category","id":5377,"name":"Hatfield Pork","hide":true,"dynamic":true,"parentId":5376,"displayOrder":1},{"__typename":"Category","id":5376,"name":"Hatfield Pork","hide":true,"dynamic":true,"parentId":null,"displayOrder":202},{"__typename":"Category","id":3312,"name":"Herbs","hide":false,"dynamic":false,"parentId":3311,"displayOrder":1},{"__typename":"Category","id":4201,"name":"Herbs","hide":false,"dynamic":true,"parentId":4181,"displayOrder":15},{"__typename":"Category","id":4109,"name":"Herbs","hide":false,"dynamic":true,"parentId":4095,"displayOrder":12},{"__typename":"Category","id":4070,"name":"Herbs","hide":false,"dynamic":true,"parentId":4008,"displayOrder":18},{"__typename":"Category","id":4168,"name":"Herbs","hide":false,"dynamic":true,"parentId":4257,"displayOrder":18},{"__typename":"Category","id":4146,"name":"Herbs","hide":false,"dynamic":true,"parentId":4102,"displayOrder":13},{"__typename":"Category","id":4145,"name":"Herbs","hide":false,"dynamic":true,"parentId":4026,"displayOrder":19},{"__typename":"Category","id":6095,"name":"Herbs and Spices","hide":false,"dynamic":false,"parentId":3373,"displayOrder":51},{"__typename":"Category","id":3772,"name":"Herbs, Spices, \u0026 Chilis","hide":false,"dynamic":true,"parentId":3779,"displayOrder":2},{"__typename":"Category","id":3333,"name":"Hinged Containers","hide":false,"dynamic":false,"parentId":3332,"displayOrder":8},{"__typename":"Category","id":4543,"name":"Hodo","hide":false,"dynamic":true,"parentId":4542,"displayOrder":1},{"__typename":"Category","id":4542,"name":"Hodo","hide":true,"dynamic":true,"parentId":null,"displayOrder":101},{"__typename":"Category","id":4227,"name":"Hot Deals","hide":true,"dynamic":true,"parentId":null,"displayOrder":25},{"__typename":"Category","id":3485,"name":"Hot Dogs \u0026 Sausages","hide":false,"dynamic":false,"parentId":3482,"displayOrder":2},{"__typename":"Category","id":4020,"name":"Hot Sauce","hide":false,"dynamic":true,"parentId":4008,"displayOrder":11},{"__typename":"Category","id":4019,"name":"Hot Sauce","hide":false,"dynamic":true,"parentId":4257,"displayOrder":9},{"__typename":"Category","id":3432,"name":"Hot Sauce \u0026 BBQ Sauce","hide":false,"dynamic":false,"parentId":3373,"displayOrder":15},{"__typename":"Category","id":3549,"name":"Ice","hide":false,"dynamic":false,"parentId":3330,"displayOrder":7},{"__typename":"Category","id":4830,"name":"Ice Cream","hide":true,"dynamic":true,"parentId":4828,"displayOrder":1},{"__typename":"Category","id":3543,"name":"Ice Cream","hide":false,"dynamic":false,"parentId":3330,"displayOrder":8},{"__typename":"Category","id":4591,"name":"Ice Cream Assortment","hide":false,"dynamic":true,"parentId":4590,"displayOrder":1},{"__typename":"Category","id":4590,"name":"Ice Cream Assortment","hide":true,"dynamic":true,"parentId":null,"displayOrder":106},{"__typename":"Category","id":3813,"name":"Indian Menu Essentials","hide":true,"dynamic":true,"parentId":null,"displayOrder":30},{"__typename":"Category","id":3862,"name":"Individual Portion Packs","hide":false,"dynamic":true,"parentId":3841,"displayOrder":13},{"__typename":"Category","id":3916,"name":"Individual Portion Packs","hide":false,"dynamic":true,"parentId":3898,"displayOrder":12},{"__typename":"Category","id":3827,"name":"Individual Portion Packs","hide":false,"dynamic":true,"parentId":3813,"displayOrder":9},{"__typename":"Category","id":3886,"name":"Individual Portion Packs","hide":false,"dynamic":true,"parentId":3867,"displayOrder":10},{"__typename":"Category","id":3843,"name":"Individual Portion Packs","hide":false,"dynamic":true,"parentId":3824,"displayOrder":8},{"__typename":"Category","id":4075,"name":"Ingredient List","hide":false,"dynamic":true,"parentId":4074,"displayOrder":1},{"__typename":"Category","id":4200,"name":"Ingredient List","hide":true,"dynamic":true,"parentId":4199,"displayOrder":1},{"__typename":"Category","id":4077,"name":"Ingredient List","hide":false,"dynamic":true,"parentId":4076,"displayOrder":1},{"__typename":"Category","id":4073,"name":"Ingredient List","hide":false,"dynamic":true,"parentId":4072,"displayOrder":1},{"__typename":"Category","id":4171,"name":"Ingredient List","hide":true,"dynamic":true,"parentId":4170,"displayOrder":1},{"__typename":"Category","id":4188,"name":"Ingredient List","hide":true,"dynamic":true,"parentId":4187,"displayOrder":1},{"__typename":"Category","id":4026,"name":"Italian Essentials","hide":true,"dynamic":true,"parentId":null,"displayOrder":48},{"__typename":"Category","id":4703,"name":"Italian Meats","hide":true,"dynamic":true,"parentId":4701,"displayOrder":3},{"__typename":"Category","id":3536,"name":"Italian Meats","hide":false,"dynamic":false,"parentId":3482,"displayOrder":6},{"__typename":"Category","id":3420,"name":"Jams \u0026 Jellies","hide":false,"dynamic":false,"parentId":3373,"displayOrder":16},{"__typename":"Category","id":4160,"name":"Juice","hide":false,"dynamic":true,"parentId":4257,"displayOrder":19},{"__typename":"Category","id":4081,"name":"Juice","hide":false,"dynamic":true,"parentId":4008,"displayOrder":19},{"__typename":"Category","id":4110,"name":"Juice","hide":false,"dynamic":true,"parentId":4095,"displayOrder":13},{"__typename":"Category","id":4147,"name":"Juice","hide":false,"dynamic":true,"parentId":4102,"displayOrder":14},{"__typename":"Category","id":4198,"name":"Juice","hide":false,"dynamic":true,"parentId":4181,"displayOrder":16},{"__typename":"Category","id":3491,"name":"Juices","hide":false,"dynamic":false,"parentId":3373,"displayOrder":18},{"__typename":"Category","id":3501,"name":"Juices","hide":false,"dynamic":false,"parentId":3443,"displayOrder":15},{"__typename":"Category","id":3544,"name":"Juices","hide":false,"dynamic":false,"parentId":3330,"displayOrder":9},{"__typename":"Category","id":5421,"name":"Juicy","hide":true,"dynamic":true,"parentId":5414,"displayOrder":7},{"__typename":"Category","id":3945,"name":"Keeping it Clean","hide":false,"dynamic":true,"parentId":3934,"displayOrder":12},{"__typename":"Category","id":3908,"name":"Keeping it Clean","hide":false,"dynamic":true,"parentId":3898,"displayOrder":13},{"__typename":"Category","id":3947,"name":"Keeping it Clean","hide":false,"dynamic":true,"parentId":4759,"displayOrder":8},{"__typename":"Category","id":3888,"name":"Keeping it Clean","hide":false,"dynamic":true,"parentId":3867,"displayOrder":11},{"__typename":"Category","id":3863,"name":"Keeping it Clean","hide":false,"dynamic":true,"parentId":3841,"displayOrder":14},{"__typename":"Category","id":3946,"name":"Keeping it Clean","hide":false,"dynamic":true,"parentId":3936,"displayOrder":7},{"__typename":"Category","id":3828,"name":"Keeping it Clean","hide":false,"dynamic":true,"parentId":3813,"displayOrder":10},{"__typename":"Category","id":4858,"name":"KIK Cleaning Solutions","hide":true,"dynamic":true,"parentId":4857,"displayOrder":1},{"__typename":"Category","id":3735,"name":"Kitchen Supplies","hide":false,"dynamic":false,"parentId":3446,"displayOrder":11},{"__typename":"Category","id":4801,"name":"Koja Burger","hide":true,"dynamic":true,"parentId":4799,"displayOrder":2},{"__typename":"Category","id":4608,"name":"Koji Charcuterie","hide":false,"dynamic":true,"parentId":4544,"displayOrder":3},{"__typename":"Category","id":4545,"name":"Koji Ham","hide":false,"dynamic":true,"parentId":4544,"displayOrder":2},{"__typename":"Category","id":4797,"name":"Korean Fried Chicken","hide":true,"dynamic":true,"parentId":null,"displayOrder":139},{"__typename":"Category","id":4798,"name":"Korean Fried Chicken","hide":true,"dynamic":true,"parentId":4797,"displayOrder":1},{"__typename":"Category","id":4278,"name":"Kronos and Grecian Delight","hide":false,"dynamic":true,"parentId":4268,"displayOrder":11},{"__typename":"Category","id":4836,"name":"Krusteaz","hide":true,"dynamic":true,"parentId":null,"displayOrder":153},{"__typename":"Category","id":4837,"name":"Krusteaz Mix","hide":true,"dynamic":true,"parentId":4836,"displayOrder":1},{"__typename":"Category","id":4219,"name":"Lactalis","hide":true,"dynamic":true,"parentId":null,"displayOrder":63},{"__typename":"Category","id":3352,"name":"Lamb","hide":false,"dynamic":false,"parentId":3307,"displayOrder":5},{"__typename":"Category","id":4679,"name":"Lamb","hide":true,"dynamic":true,"parentId":4675,"displayOrder":2},{"__typename":"Category","id":4976,"name":"Lamb","hide":true,"dynamic":true,"parentId":4964,"displayOrder":2},{"__typename":"Category","id":4822,"name":"Lamb Shoulder","hide":true,"dynamic":true,"parentId":4821,"displayOrder":1},{"__typename":"Category","id":4257,"name":"Latin Menu Fresh Finds","hide":true,"dynamic":true,"parentId":null,"displayOrder":47},{"__typename":"Category","id":3321,"name":"Leafy Greens","hide":false,"dynamic":false,"parentId":3311,"displayOrder":9},{"__typename":"Category","id":4809,"name":"Lemongrass Pork","hide":true,"dynamic":true,"parentId":4808,"displayOrder":1},{"__typename":"Category","id":4808,"name":"Lemongrass Pork","hide":true,"dynamic":true,"parentId":null,"displayOrder":143},{"__typename":"Category","id":4602,"name":"Limited Time Offers","hide":true,"dynamic":true,"parentId":4601,"displayOrder":1},{"__typename":"Category","id":4601,"name":"Limited Time Offers","hide":true,"dynamic":true,"parentId":null,"displayOrder":110},{"__typename":"Category","id":3472,"name":"Linens \u0026 Textiles","hide":false,"dynamic":false,"parentId":3446,"displayOrder":8},{"__typename":"Category","id":4906,"name":"Loaf","hide":true,"dynamic":true,"parentId":4903,"displayOrder":2},{"__typename":"Category","id":4265,"name":"Local \u0026 Specialty ","hide":false,"dynamic":false,"parentId":null,"displayOrder":1},{"__typename":"Category","id":4771,"name":"Lomo Saltado","hide":true,"dynamic":true,"parentId":null,"displayOrder":135},{"__typename":"Category","id":4772,"name":"Lomo Saltado","hide":true,"dynamic":true,"parentId":4771,"displayOrder":1},{"__typename":"Category","id":4840,"name":"Loux Soda","hide":true,"dynamic":true,"parentId":4839,"displayOrder":1},{"__typename":"Category","id":4839,"name":"Loux Soda","hide":true,"dynamic":true,"parentId":null,"displayOrder":155},{"__typename":"Category","id":4245,"name":"Mahi","hide":false,"dynamic":false,"parentId":3367,"displayOrder":14},{"__typename":"Category","id":4893,"name":"Major Products","hide":true,"dynamic":true,"parentId":null,"displayOrder":168},{"__typename":"Category","id":4001,"name":"Making Some Dough","hide":false,"dynamic":true,"parentId":3934,"displayOrder":13},{"__typename":"Category","id":3999,"name":"Making Some Dough","hide":false,"dynamic":true,"parentId":3936,"displayOrder":8},{"__typename":"Category","id":4817,"name":"Malai Kofta","hide":true,"dynamic":true,"parentId":null,"displayOrder":146},{"__typename":"Category","id":4666,"name":"March Madness","hide":true,"dynamic":true,"parentId":null,"displayOrder":114},{"__typename":"Category","id":4414,"name":"Market Watch","hide":true,"dynamic":true,"parentId":null,"displayOrder":76},{"__typename":"Category","id":4415,"name":"Market Watch","hide":false,"dynamic":true,"parentId":4414,"displayOrder":1},{"__typename":"Category","id":3704,"name":"Mayonnaise","hide":false,"dynamic":false,"parentId":3373,"displayOrder":45},{"__typename":"Category","id":3642,"name":"Meat Alternatives","hide":false,"dynamic":false,"parentId":3640,"displayOrder":2},{"__typename":"Category","id":4111,"name":"Meat \u0026 Poultry","hide":false,"dynamic":true,"parentId":4095,"displayOrder":14},{"__typename":"Category","id":4354,"name":"Meat \u0026 Poultry","hide":false,"dynamic":true,"parentId":4265,"displayOrder":3},{"__typename":"Category","id":3307,"name":"Meat \u0026 Poultry","hide":false,"dynamic":false,"parentId":null,"displayOrder":15},{"__typename":"Category","id":4149,"name":"Meat \u0026 Poultry","hide":false,"dynamic":true,"parentId":4102,"displayOrder":15},{"__typename":"Category","id":4150,"name":"Meat \u0026 Poultry","hide":false,"dynamic":true,"parentId":4026,"displayOrder":21},{"__typename":"Category","id":4161,"name":"Meat \u0026 Poultry","hide":false,"dynamic":true,"parentId":4257,"displayOrder":20},{"__typename":"Category","id":4202,"name":"Meat \u0026 Poultry","hide":false,"dynamic":true,"parentId":4181,"displayOrder":17},{"__typename":"Category","id":3621,"name":"Meat \u0026 Seafood","hide":false,"dynamic":true,"parentId":3617,"displayOrder":10},{"__typename":"Category","id":3604,"name":"Meat \u0026 Seafood","hide":false,"dynamic":true,"parentId":3582,"displayOrder":6},{"__typename":"Category","id":4964,"name":"Mediterranean","hide":true,"dynamic":true,"parentId":null,"displayOrder":176},{"__typename":"Category","id":3481,"name":"Melon","hide":false,"dynamic":false,"parentId":3363,"displayOrder":3},{"__typename":"Category","id":3867,"name":"Mexican Menu Essentials","hide":true,"dynamic":true,"parentId":null,"displayOrder":33},{"__typename":"Category","id":3346,"name":"Micro Greens","hide":false,"dynamic":false,"parentId":3311,"displayOrder":2},{"__typename":"Category","id":3507,"name":"Milk","hide":false,"dynamic":false,"parentId":3456,"displayOrder":6},{"__typename":"Category","id":3643,"name":"Milk Alternatives","hide":false,"dynamic":false,"parentId":3640,"displayOrder":3},{"__typename":"Category","id":3492,"name":"Milk Products","hide":false,"dynamic":false,"parentId":3373,"displayOrder":19},{"__typename":"Category","id":4701,"name":"Mother\'s Day","hide":true,"dynamic":true,"parentId":null,"displayOrder":124},{"__typename":"Category","id":5375,"name":"Mountaire Chicken","hide":true,"dynamic":true,"parentId":5374,"displayOrder":1},{"__typename":"Category","id":5374,"name":"Mountaire Farms Inc.","hide":true,"dynamic":true,"parentId":null,"displayOrder":201},{"__typename":"Category","id":4076,"name":"Mujadara Ingredients","hide":true,"dynamic":true,"parentId":null,"displayOrder":54},{"__typename":"Category","id":3322,"name":"Mushrooms","hide":false,"dynamic":false,"parentId":3311,"displayOrder":3},{"__typename":"Category","id":5003,"name":"Mykonos","hide":true,"dynamic":true,"parentId":5000,"displayOrder":3},{"__typename":"Category","id":5006,"name":"Mykonos","hide":true,"dynamic":true,"parentId":5004,"displayOrder":3},{"__typename":"Category","id":4853,"name":"Nachos","hide":true,"dynamic":true,"parentId":4850,"displayOrder":4},{"__typename":"Category","id":4887,"name":"Nachos","hide":true,"dynamic":true,"parentId":4884,"displayOrder":3},{"__typename":"Category","id":4615,"name":"Nacho Staples","hide":false,"dynamic":true,"parentId":4666,"displayOrder":2},{"__typename":"Category","id":4016,"name":"Napkins","hide":false,"dynamic":true,"parentId":4008,"displayOrder":9},{"__typename":"Category","id":3343,"name":"Napkins","hide":false,"dynamic":false,"parentId":3332,"displayOrder":9},{"__typename":"Category","id":4203,"name":"Napkins \u0026 Paper Towels","hide":false,"dynamic":true,"parentId":4181,"displayOrder":18},{"__typename":"Category","id":4036,"name":"Napkins \u0026 Paper Towels","hide":false,"dynamic":true,"parentId":4257,"displayOrder":10},{"__typename":"Category","id":4112,"name":"Napkins \u0026 Paper Towels","hide":false,"dynamic":true,"parentId":4095,"displayOrder":15},{"__typename":"Category","id":4035,"name":"Napkins \u0026 Paper Towels","hide":false,"dynamic":true,"parentId":4026,"displayOrder":10},{"__typename":"Category","id":4114,"name":"Napkins \u0026 Paper Towels","hide":false,"dynamic":true,"parentId":4102,"displayOrder":16},{"__typename":"Category","id":5426,"name":"Nebraska Beef","hide":true,"dynamic":true,"parentId":5425,"displayOrder":1},{"__typename":"Category","id":5425,"name":"Nebraska Beef","hide":true,"dynamic":true,"parentId":null,"displayOrder":206},{"__typename":"Category","id":3617,"name":"New Items","hide":true,"dynamic":true,"parentId":null,"displayOrder":3},{"__typename":"Category","id":5854,"name":"New Items Added Daily","hide":true,"dynamic":true,"parentId":5853,"displayOrder":1},{"__typename":"Category","id":5853,"name":"New Items Added Daily","hide":true,"dynamic":true,"parentId":null,"displayOrder":211},{"__typename":"Category","id":4008,"name":"New Low Prices","hide":true,"dynamic":true,"parentId":null,"displayOrder":46},{"__typename":"Category","id":4181,"name":"New Low Prices - Diner Menu Essentials","hide":true,"dynamic":true,"parentId":null,"displayOrder":59},{"__typename":"Category","id":4102,"name":"New Low Prices - Indian Menu Essentials","hide":true,"dynamic":true,"parentId":null,"displayOrder":55},{"__typename":"Category","id":4095,"name":"New Low Prices - Meditterranean Menu Essentials","hide":true,"dynamic":true,"parentId":null,"displayOrder":56},{"__typename":"Category","id":5496,"name":"New World Centric","hide":true,"dynamic":true,"parentId":5495,"displayOrder":1},{"__typename":"Category","id":5495,"name":"New World Centric","hide":true,"dynamic":true,"parentId":null,"displayOrder":208},{"__typename":"Category","id":4979,"name":"Non-Foods","hide":true,"dynamic":true,"parentId":4978,"displayOrder":6},{"__typename":"Category","id":5022,"name":"Non-Foods","hide":true,"dynamic":true,"parentId":5016,"displayOrder":6},{"__typename":"Category","id":4062,"name":"Nuts","hide":false,"dynamic":true,"parentId":4057,"displayOrder":8},{"__typename":"Category","id":3388,"name":"Nuts \u0026 Seeds","hide":false,"dynamic":false,"parentId":3373,"displayOrder":21},{"__typename":"Category","id":3495,"name":"Oats","hide":false,"dynamic":false,"parentId":3373,"displayOrder":22},{"__typename":"Category","id":4152,"name":"Oil","hide":false,"dynamic":true,"parentId":4102,"displayOrder":17},{"__typename":"Category","id":3778,"name":"Oil","hide":false,"dynamic":true,"parentId":3779,"displayOrder":6},{"__typename":"Category","id":4113,"name":"Oil","hide":false,"dynamic":true,"parentId":4095,"displayOrder":16},{"__typename":"Category","id":4204,"name":"Oil","hide":false,"dynamic":true,"parentId":4181,"displayOrder":19},{"__typename":"Category","id":4172,"name":"Oil","hide":false,"dynamic":true,"parentId":4257,"displayOrder":21},{"__typename":"Category","id":4151,"name":"Oil","hide":false,"dynamic":true,"parentId":4026,"displayOrder":22},{"__typename":"Category","id":3422,"name":"Oil \u0026 Vinegar","hide":false,"dynamic":false,"parentId":3373,"displayOrder":23},{"__typename":"Category","id":4758,"name":"Olive Oils","hide":true,"dynamic":true,"parentId":4725,"displayOrder":3},{"__typename":"Category","id":4091,"name":"Olives","hide":false,"dynamic":true,"parentId":4008,"displayOrder":30},{"__typename":"Category","id":4063,"name":"Olives","hide":false,"dynamic":true,"parentId":4057,"displayOrder":4},{"__typename":"Category","id":3421,"name":"Olives","hide":false,"dynamic":false,"parentId":3373,"displayOrder":24},{"__typename":"Category","id":4961,"name":"Olives and Olive Oil","hide":true,"dynamic":true,"parentId":4959,"displayOrder":1},{"__typename":"Category","id":5498,"name":"Olympia Foods","hide":true,"dynamic":true,"parentId":5497,"displayOrder":1},{"__typename":"Category","id":5497,"name":"Olympia Foods","hide":true,"dynamic":true,"parentId":null,"displayOrder":209},{"__typename":"Category","id":4177,"name":"Olympia Meats","hide":true,"dynamic":true,"parentId":null,"displayOrder":58},{"__typename":"Category","id":3313,"name":"Onions \u0026 Garlic","hide":false,"dynamic":false,"parentId":3311,"displayOrder":4},{"__typename":"Category","id":4313,"name":"Organic Fresh Produce","hide":false,"dynamic":true,"parentId":4310,"displayOrder":6},{"__typename":"Category","id":4310,"name":"Organic Items","hide":false,"dynamic":false,"parentId":null,"displayOrder":14},{"__typename":"Category","id":3430,"name":"Other","hide":false,"dynamic":false,"parentId":3373,"displayOrder":27},{"__typename":"Category","id":3326,"name":"Other","hide":false,"dynamic":false,"parentId":3311,"displayOrder":17},{"__typename":"Category","id":4153,"name":"Other","hide":false,"dynamic":true,"parentId":4102,"displayOrder":18},{"__typename":"Category","id":3407,"name":"Other Cleaning Agents","hide":false,"dynamic":false,"parentId":3392,"displayOrder":5},{"__typename":"Category","id":3411,"name":"Oven \u0026 Grill","hide":false,"dynamic":false,"parentId":3392,"displayOrder":6},{"__typename":"Category","id":4803,"name":"Oven Roasted Chicken Quarters","hide":true,"dynamic":true,"parentId":4802,"displayOrder":1},{"__typename":"Category","id":4890,"name":"Packaging","hide":true,"dynamic":true,"parentId":4884,"displayOrder":6},{"__typename":"Category","id":4856,"name":"Packaging","hide":true,"dynamic":true,"parentId":4850,"displayOrder":7},{"__typename":"Category","id":4939,"name":"Paneer","hide":true,"dynamic":true,"parentId":4958,"displayOrder":7},{"__typename":"Category","id":4776,"name":"Pan Seared Ribeye - Steak Frits","hide":true,"dynamic":true,"parentId":null,"displayOrder":132},{"__typename":"Category","id":4176,"name":"Pantry","hide":false,"dynamic":true,"parentId":4026,"displayOrder":2},{"__typename":"Category","id":4175,"name":"Pantry","hide":false,"dynamic":true,"parentId":4095,"displayOrder":2},{"__typename":"Category","id":4593,"name":"Pantry","hide":false,"dynamic":true,"parentId":4265,"displayOrder":12},{"__typename":"Category","id":4174,"name":"Pantry","hide":false,"dynamic":true,"parentId":4102,"displayOrder":2},{"__typename":"Category","id":3624,"name":"Pantry \u0026 Snacks","hide":false,"dynamic":true,"parentId":3617,"displayOrder":4},{"__typename":"Category","id":3628,"name":"Pantry \u0026 Snacks","hide":false,"dynamic":true,"parentId":3582,"displayOrder":7},{"__typename":"Category","id":3350,"name":"Paper","hide":false,"dynamic":false,"parentId":3332,"displayOrder":10},{"__typename":"Category","id":3353,"name":"Paper Bags","hide":false,"dynamic":false,"parentId":3332,"displayOrder":11},{"__typename":"Category","id":3734,"name":"Paper Plates","hide":false,"dynamic":false,"parentId":3332,"displayOrder":27},{"__typename":"Category","id":3474,"name":"Paper Towels","hide":false,"dynamic":false,"parentId":3446,"displayOrder":12},{"__typename":"Category","id":4629,"name":"Paper Towels","hide":false,"dynamic":false,"parentId":3332,"displayOrder":33},{"__typename":"Category","id":4463,"name":"Paper Towels Tissues and Napkins","hide":true,"dynamic":true,"parentId":4461,"displayOrder":2},{"__typename":"Category","id":3727,"name":"Paper Trays","hide":false,"dynamic":false,"parentId":3332,"displayOrder":25},{"__typename":"Category","id":4907,"name":"Parmesan","hide":true,"dynamic":true,"parentId":4903,"displayOrder":5},{"__typename":"Category","id":3338,"name":"Pasta","hide":false,"dynamic":false,"parentId":3330,"displayOrder":12},{"__typename":"Category","id":4224,"name":"Pasta","hide":true,"dynamic":true,"parentId":4223,"displayOrder":1},{"__typename":"Category","id":4585,"name":"Path Water","hide":true,"dynamic":true,"parentId":null,"displayOrder":104},{"__typename":"Category","id":4586,"name":"Path Water","hide":false,"dynamic":true,"parentId":4585,"displayOrder":1},{"__typename":"Category","id":3928,"name":"Patties","hide":false,"dynamic":true,"parentId":3926,"displayOrder":2},{"__typename":"Category","id":3325,"name":"Peppers","hide":false,"dynamic":false,"parentId":3311,"displayOrder":5},{"__typename":"Category","id":4083,"name":"Peppers","hide":false,"dynamic":true,"parentId":4008,"displayOrder":21},{"__typename":"Category","id":4397,"name":"Pepsi Cans \u0026 Bottles","hide":false,"dynamic":true,"parentId":4396,"displayOrder":1},{"__typename":"Category","id":4396,"name":"PepsiCo","hide":true,"dynamic":true,"parentId":null,"displayOrder":75},{"__typename":"Category","id":4769,"name":"Peruvian Ceviche","hide":true,"dynamic":true,"parentId":null,"displayOrder":130},{"__typename":"Category","id":4770,"name":"Peruvian Ceviche","hide":true,"dynamic":true,"parentId":4769,"displayOrder":1},{"__typename":"Category","id":3573,"name":"Pickled","hide":false,"dynamic":false,"parentId":3373,"displayOrder":1},{"__typename":"Category","id":3733,"name":"Picks \u0026 Skewers","hide":false,"dynamic":false,"parentId":3332,"displayOrder":26},{"__typename":"Category","id":4252,"name":"Pita","hide":false,"dynamic":true,"parentId":4177,"displayOrder":1},{"__typename":"Category","id":4973,"name":"Pita \u0026 Fillo","hide":true,"dynamic":true,"parentId":4964,"displayOrder":5},{"__typename":"Category","id":4889,"name":"Pizza","hide":true,"dynamic":true,"parentId":4884,"displayOrder":5},{"__typename":"Category","id":4855,"name":"Pizza","hide":true,"dynamic":true,"parentId":4850,"displayOrder":6},{"__typename":"Category","id":4989,"name":"Pizza Box December Promo","hide":true,"dynamic":true,"parentId":4988,"displayOrder":1},{"__typename":"Category","id":4988,"name":"Pizza Box December Promo","hide":true,"dynamic":true,"parentId":null,"displayOrder":178},{"__typename":"Category","id":3351,"name":"Pizza Boxes","hide":false,"dynamic":false,"parentId":3332,"displayOrder":14},{"__typename":"Category","id":3824,"name":"Pizza Essentials","hide":true,"dynamic":true,"parentId":null,"displayOrder":31},{"__typename":"Category","id":3845,"name":"Pizza Flour","hide":false,"dynamic":true,"parentId":3824,"displayOrder":10},{"__typename":"Category","id":4617,"name":"Pizza Toppings","hide":false,"dynamic":true,"parentId":4666,"displayOrder":4},{"__typename":"Category","id":4854,"name":"Plant Based","hide":true,"dynamic":true,"parentId":4850,"displayOrder":5},{"__typename":"Category","id":4616,"name":"Plant Based","hide":false,"dynamic":true,"parentId":4666,"displayOrder":6},{"__typename":"Category","id":3631,"name":"Plant-Based","hide":false,"dynamic":true,"parentId":3582,"displayOrder":8},{"__typename":"Category","id":4888,"name":"Plant-Based","hide":true,"dynamic":true,"parentId":4884,"displayOrder":4},{"__typename":"Category","id":4547,"name":"Plant-Based","hide":false,"dynamic":true,"parentId":4265,"displayOrder":10},{"__typename":"Category","id":3640,"name":"Plant-Based","hide":false,"dynamic":false,"parentId":null,"displayOrder":2},{"__typename":"Category","id":3893,"name":"Plant-Based Products","hide":false,"dynamic":true,"parentId":3841,"displayOrder":15},{"__typename":"Category","id":4868,"name":"Plastic","hide":true,"dynamic":true,"parentId":4865,"displayOrder":2},{"__typename":"Category","id":3358,"name":"Plastic Bags","hide":false,"dynamic":false,"parentId":3332,"displayOrder":15},{"__typename":"Category","id":3361,"name":"Plastic \u0026 Paper Cups","hide":false,"dynamic":false,"parentId":3332,"displayOrder":1},{"__typename":"Category","id":4698,"name":"Pollo","hide":true,"dynamic":true,"parentId":4693,"displayOrder":3},{"__typename":"Category","id":4802,"name":"Polo Al Horno","hide":true,"dynamic":true,"parentId":null,"displayOrder":141},{"__typename":"Category","id":3323,"name":"Pork","hide":false,"dynamic":false,"parentId":3307,"displayOrder":3},{"__typename":"Category","id":4353,"name":"Pork","hide":false,"dynamic":false,"parentId":3330,"displayOrder":17},{"__typename":"Category","id":5024,"name":"Pork","hide":true,"dynamic":true,"parentId":5016,"displayOrder":8},{"__typename":"Category","id":4762,"name":"Pork","hide":true,"dynamic":true,"parentId":4759,"displayOrder":21},{"__typename":"Category","id":4635,"name":"Pork, Raw","hide":false,"dynamic":true,"parentId":4631,"displayOrder":3},{"__typename":"Category","id":3719,"name":"Portion \u0026 Souffle Cups \u0026 Lids","hide":false,"dynamic":false,"parentId":3332,"displayOrder":22},{"__typename":"Category","id":3314,"name":"Potatoes","hide":false,"dynamic":false,"parentId":3311,"displayOrder":6},{"__typename":"Category","id":5086,"name":"Potatoes","hide":true,"dynamic":true,"parentId":5085,"displayOrder":1},{"__typename":"Category","id":3359,"name":"Potatoes","hide":false,"dynamic":false,"parentId":3330,"displayOrder":13},{"__typename":"Category","id":4704,"name":"Poultry","hide":true,"dynamic":true,"parentId":4701,"displayOrder":2},{"__typename":"Category","id":5025,"name":"Poultry","hide":true,"dynamic":true,"parentId":5016,"displayOrder":9},{"__typename":"Category","id":5363,"name":"Poultry Blowout","hide":true,"dynamic":true,"parentId":4631,"displayOrder":11},{"__typename":"Category","id":4511,"name":"Prepared Foods","hide":false,"dynamic":true,"parentId":4265,"displayOrder":4},{"__typename":"Category","id":3531,"name":"Prepared Foods","hide":false,"dynamic":false,"parentId":3482,"displayOrder":9},{"__typename":"Category","id":3345,"name":"Prepared Foods","hide":false,"dynamic":false,"parentId":3330,"displayOrder":15},{"__typename":"Category","id":3740,"name":"Prepared Soup","hide":false,"dynamic":false,"parentId":3482,"displayOrder":8},{"__typename":"Category","id":4544,"name":"Prime Roots","hide":true,"dynamic":true,"parentId":null,"displayOrder":102},{"__typename":"Category","id":4763,"name":"Produce","hide":true,"dynamic":true,"parentId":4759,"displayOrder":22},{"__typename":"Category","id":4676,"name":"Produce","hide":true,"dynamic":true,"parentId":4675,"displayOrder":5},{"__typename":"Category","id":4981,"name":"Produce","hide":true,"dynamic":true,"parentId":4978,"displayOrder":4},{"__typename":"Category","id":4116,"name":"Produce","hide":false,"dynamic":true,"parentId":4095,"displayOrder":18},{"__typename":"Category","id":4624,"name":"Produce","hide":false,"dynamic":true,"parentId":4619,"displayOrder":7},{"__typename":"Category","id":5026,"name":"Produce","hide":true,"dynamic":true,"parentId":5016,"displayOrder":10},{"__typename":"Category","id":4117,"name":"Produce","hide":false,"dynamic":true,"parentId":4102,"displayOrder":19},{"__typename":"Category","id":4966,"name":"Produce","hide":true,"dynamic":true,"parentId":4964,"displayOrder":7},{"__typename":"Category","id":4037,"name":"Produce","hide":false,"dynamic":true,"parentId":4026,"displayOrder":11},{"__typename":"Category","id":4206,"name":"Produce","hide":false,"dynamic":true,"parentId":4181,"displayOrder":21},{"__typename":"Category","id":4011,"name":"Produce","hide":false,"dynamic":true,"parentId":4008,"displayOrder":4},{"__typename":"Category","id":4023,"name":"Produce","hide":false,"dynamic":true,"parentId":4257,"displayOrder":3},{"__typename":"Category","id":4276,"name":"Producer\'s Dairy","hide":false,"dynamic":true,"parentId":4268,"displayOrder":9},{"__typename":"Category","id":4697,"name":"Puerco","hide":true,"dynamic":true,"parentId":4693,"displayOrder":2},{"__typename":"Category","id":4811,"name":"Raviolo - Filling","hide":true,"dynamic":true,"parentId":4810,"displayOrder":2},{"__typename":"Category","id":4812,"name":"Raviolo Pasta Dough","hide":true,"dynamic":true,"parentId":4810,"displayOrder":1},{"__typename":"Category","id":4813,"name":"Raviolo - Sauce","hide":true,"dynamic":true,"parentId":4810,"displayOrder":3},{"__typename":"Category","id":5422,"name":"Ready to Drink","hide":true,"dynamic":true,"parentId":5414,"displayOrder":8},{"__typename":"Category","id":4351,"name":"Ready to Drink Other","hide":false,"dynamic":false,"parentId":3443,"displayOrder":19},{"__typename":"Category","id":4871,"name":"Redbull","hide":true,"dynamic":true,"parentId":4869,"displayOrder":3},{"__typename":"Category","id":5414,"name":"Refreshment Redefined","hide":true,"dynamic":true,"parentId":null,"displayOrder":205},{"__typename":"Category","id":3552,"name":"Register Tape \u0026 Labels","hide":false,"dynamic":false,"parentId":3446,"displayOrder":7},{"__typename":"Category","id":4163,"name":"Rice","hide":false,"dynamic":true,"parentId":4026,"displayOrder":23},{"__typename":"Category","id":4084,"name":"Rice","hide":false,"dynamic":true,"parentId":4008,"displayOrder":22},{"__typename":"Category","id":4940,"name":"Rice","hide":true,"dynamic":true,"parentId":4958,"displayOrder":3},{"__typename":"Category","id":4118,"name":"Rice","hide":false,"dynamic":true,"parentId":4095,"displayOrder":19},{"__typename":"Category","id":4162,"name":"Rice","hide":false,"dynamic":true,"parentId":4257,"displayOrder":23},{"__typename":"Category","id":4119,"name":"Rice","hide":false,"dynamic":true,"parentId":4102,"displayOrder":20},{"__typename":"Category","id":3774,"name":"Rice","hide":false,"dynamic":true,"parentId":3779,"displayOrder":3},{"__typename":"Category","id":3831,"name":"Rice and Grains","hide":false,"dynamic":true,"parentId":3813,"displayOrder":11},{"__typename":"Category","id":3557,"name":"Rice, Beans, Grains","hide":false,"dynamic":false,"parentId":3373,"displayOrder":28},{"__typename":"Category","id":4970,"name":"Rice, Grain \u0026 Pasta","hide":true,"dynamic":true,"parentId":4964,"displayOrder":9},{"__typename":"Category","id":4908,"name":"Ricotta","hide":true,"dynamic":true,"parentId":4903,"displayOrder":4},{"__typename":"Category","id":4187,"name":"Risotto Ingredients","hide":true,"dynamic":true,"parentId":null,"displayOrder":61},{"__typename":"Category","id":3319,"name":"Root Vegetables","hide":false,"dynamic":false,"parentId":3311,"displayOrder":7},{"__typename":"Category","id":4881,"name":"Rotella\'s","hide":true,"dynamic":true,"parentId":null,"displayOrder":165},{"__typename":"Category","id":4282,"name":"Rotella\'s","hide":false,"dynamic":true,"parentId":4268,"displayOrder":14},{"__typename":"Category","id":4882,"name":"Rotella\'s","hide":true,"dynamic":true,"parentId":4881,"displayOrder":1},{"__typename":"Category","id":4993,"name":"Salad and Spuds","hide":true,"dynamic":true,"parentId":4992,"displayOrder":1},{"__typename":"Category","id":4992,"name":"Salad and Spuds","hide":true,"dynamic":true,"parentId":null,"displayOrder":180},{"__typename":"Category","id":3435,"name":"Salad Dressings","hide":false,"dynamic":false,"parentId":3373,"displayOrder":29},{"__typename":"Category","id":3685,"name":"Salmon","hide":false,"dynamic":false,"parentId":3367,"displayOrder":10},{"__typename":"Category","id":4825,"name":"Salsa Verde","hide":true,"dynamic":true,"parentId":4824,"displayOrder":1},{"__typename":"Category","id":4090,"name":"Salt","hide":false,"dynamic":true,"parentId":4008,"displayOrder":29},{"__typename":"Category","id":3503,"name":"Salt \u0026 Pepper","hide":false,"dynamic":false,"parentId":3373,"displayOrder":30},{"__typename":"Category","id":3731,"name":"Sanitizers \u0026 Disinfectant","hide":false,"dynamic":false,"parentId":3392,"displayOrder":14},{"__typename":"Category","id":3977,"name":"Sauces","hide":false,"dynamic":true,"parentId":3961,"displayOrder":13},{"__typename":"Category","id":3917,"name":"Sauces","hide":false,"dynamic":true,"parentId":3898,"displayOrder":14},{"__typename":"Category","id":3864,"name":"Sauces","hide":false,"dynamic":true,"parentId":3841,"displayOrder":16},{"__typename":"Category","id":3378,"name":"Sauces \u0026 Condiments","hide":false,"dynamic":false,"parentId":3373,"displayOrder":31},{"__typename":"Category","id":3890,"name":"Sauces \u0026 Tomatoes","hide":false,"dynamic":true,"parentId":3867,"displayOrder":12},{"__typename":"Category","id":3847,"name":"Sauces \u0026 Tomatoes","hide":false,"dynamic":true,"parentId":3824,"displayOrder":11},{"__typename":"Category","id":3360,"name":"Sausages","hide":false,"dynamic":false,"parentId":3330,"displayOrder":1},{"__typename":"Category","id":3367,"name":"Seafood","hide":false,"dynamic":false,"parentId":null,"displayOrder":8},{"__typename":"Category","id":4969,"name":"Seafood","hide":true,"dynamic":true,"parentId":4964,"displayOrder":3},{"__typename":"Category","id":4705,"name":"Seafood","hide":true,"dynamic":true,"parentId":4701,"displayOrder":4},{"__typename":"Category","id":4621,"name":"Seafood","hide":false,"dynamic":true,"parentId":4619,"displayOrder":3},{"__typename":"Category","id":5364,"name":"Seafood Blowout","hide":true,"dynamic":true,"parentId":4631,"displayOrder":13},{"__typename":"Category","id":3961,"name":"Seafood Menu Essentials","hide":true,"dynamic":true,"parentId":null,"displayOrder":41},{"__typename":"Category","id":3369,"name":"Seafood, Other","hide":false,"dynamic":false,"parentId":3367,"displayOrder":4},{"__typename":"Category","id":4767,"name":"Seared Tuna Salad","hide":true,"dynamic":true,"parentId":null,"displayOrder":129},{"__typename":"Category","id":4768,"name":"Seared Tuna Salad","hide":true,"dynamic":true,"parentId":4767,"displayOrder":1},{"__typename":"Category","id":3436,"name":"Seasonings","hide":false,"dynamic":false,"parentId":3373,"displayOrder":33},{"__typename":"Category","id":3525,"name":"Shredded Cheese","hide":false,"dynamic":false,"parentId":3365,"displayOrder":6},{"__typename":"Category","id":4533,"name":"Shredded Mozz","hide":false,"dynamic":true,"parentId":4004,"displayOrder":4},{"__typename":"Category","id":4905,"name":"Shreds","hide":true,"dynamic":true,"parentId":4903,"displayOrder":3},{"__typename":"Category","id":4781,"name":"Shrimp and Grits","hide":true,"dynamic":true,"parentId":null,"displayOrder":134},{"__typename":"Category","id":3371,"name":"Shrimp (Raw)","hide":false,"dynamic":false,"parentId":3367,"displayOrder":6},{"__typename":"Category","id":4279,"name":"Silva Sausage","hide":false,"dynamic":true,"parentId":4268,"displayOrder":12},{"__typename":"Category","id":4280,"name":"Simplot","hide":false,"dynamic":true,"parentId":4268,"displayOrder":5},{"__typename":"Category","id":4330,"name":"Simplot","hide":true,"dynamic":true,"parentId":null,"displayOrder":27},{"__typename":"Category","id":5085,"name":"Simplot 2024","hide":true,"dynamic":true,"parentId":null,"displayOrder":191},{"__typename":"Category","id":4986,"name":"Simplot December Promo","hide":true,"dynamic":true,"parentId":null,"displayOrder":177},{"__typename":"Category","id":4987,"name":"Simplot December Promo","hide":true,"dynamic":true,"parentId":4986,"displayOrder":1},{"__typename":"Category","id":4331,"name":"Simplot Potatoes","hide":false,"dynamic":true,"parentId":4330,"displayOrder":1},{"__typename":"Category","id":4611,"name":"Simplot Products","hide":false,"dynamic":true,"parentId":4330,"displayOrder":7},{"__typename":"Category","id":4335,"name":"Simplot Vegetables","hide":false,"dynamic":true,"parentId":4330,"displayOrder":6},{"__typename":"Category","id":3377,"name":"Single Service","hide":false,"dynamic":false,"parentId":3373,"displayOrder":33},{"__typename":"Category","id":3703,"name":"Single Service","hide":false,"dynamic":false,"parentId":3332,"displayOrder":16},{"__typename":"Category","id":4507,"name":"Sinto Gourmet","hide":true,"dynamic":true,"parentId":null,"displayOrder":88},{"__typename":"Category","id":4508,"name":"Sinto Gourmet Products","hide":false,"dynamic":true,"parentId":4507,"displayOrder":1},{"__typename":"Category","id":3523,"name":"Sliced Cheese","hide":false,"dynamic":false,"parentId":3365,"displayOrder":4},{"__typename":"Category","id":4424,"name":"Sliced Deli Meats","hide":false,"dynamic":false,"parentId":3482,"displayOrder":10},{"__typename":"Category","id":4614,"name":"Sliders \u0026 Burgers","hide":false,"dynamic":true,"parentId":4666,"displayOrder":3},{"__typename":"Category","id":4877,"name":"Smartwater","hide":true,"dynamic":true,"parentId":4873,"displayOrder":3},{"__typename":"Category","id":4277,"name":"Smithfield Foods","hide":false,"dynamic":true,"parentId":4268,"displayOrder":10},{"__typename":"Category","id":4773,"name":"Smothered Pork Chop","hide":true,"dynamic":true,"parentId":null,"displayOrder":133},{"__typename":"Category","id":3486,"name":"Snacks","hide":false,"dynamic":false,"parentId":null,"displayOrder":22},{"__typename":"Category","id":4022,"name":"Soap","hide":false,"dynamic":true,"parentId":4008,"displayOrder":12},{"__typename":"Category","id":4042,"name":"Soap \u0026 Detergent","hide":false,"dynamic":true,"parentId":4026,"displayOrder":12},{"__typename":"Category","id":4208,"name":"Soap \u0026 Detergent","hide":false,"dynamic":true,"parentId":4181,"displayOrder":23},{"__typename":"Category","id":4121,"name":"Soda","hide":false,"dynamic":true,"parentId":4102,"displayOrder":21},{"__typename":"Category","id":4120,"name":"Soda","hide":false,"dynamic":true,"parentId":4095,"displayOrder":20},{"__typename":"Category","id":4209,"name":"Soda","hide":false,"dynamic":true,"parentId":4181,"displayOrder":24},{"__typename":"Category","id":4154,"name":"Soda","hide":false,"dynamic":true,"parentId":4026,"displayOrder":24},{"__typename":"Category","id":4164,"name":"Soda","hide":false,"dynamic":true,"parentId":4257,"displayOrder":24},{"__typename":"Category","id":4085,"name":"Soda","hide":false,"dynamic":true,"parentId":4008,"displayOrder":23},{"__typename":"Category","id":4865,"name":"Soda","hide":true,"dynamic":true,"parentId":null,"displayOrder":161},{"__typename":"Category","id":3464,"name":"Soft Drinks","hide":false,"dynamic":false,"parentId":3443,"displayOrder":1},{"__typename":"Category","id":5423,"name":"Soft Drinks","hide":true,"dynamic":true,"parentId":5414,"displayOrder":9},{"__typename":"Category","id":4727,"name":"Soybean Oils","hide":true,"dynamic":true,"parentId":4725,"displayOrder":2},{"__typename":"Category","id":3448,"name":"Sparkling Water","hide":false,"dynamic":false,"parentId":3443,"displayOrder":4},{"__typename":"Category","id":5424,"name":"Sparkling Water","hide":true,"dynamic":true,"parentId":5414,"displayOrder":10},{"__typename":"Category","id":4860,"name":"Sparkling Water","hide":true,"dynamic":true,"parentId":4859,"displayOrder":1},{"__typename":"Category","id":3521,"name":"Specialty Cheese","hide":false,"dynamic":false,"parentId":3365,"displayOrder":5},{"__typename":"Category","id":3742,"name":"Specialty Meats","hide":false,"dynamic":false,"parentId":3307,"displayOrder":8},{"__typename":"Category","id":4408,"name":"Specialty Snacks","hide":false,"dynamic":false,"parentId":3486,"displayOrder":8},{"__typename":"Category","id":3865,"name":"Spice Rack","hide":false,"dynamic":true,"parentId":3841,"displayOrder":17},{"__typename":"Category","id":3992,"name":"Spice Rack","hide":false,"dynamic":true,"parentId":4759,"displayOrder":16},{"__typename":"Category","id":3993,"name":"Spice Rack","hide":false,"dynamic":true,"parentId":3934,"displayOrder":14},{"__typename":"Category","id":3991,"name":"Spice Rack","hide":false,"dynamic":true,"parentId":3936,"displayOrder":10},{"__typename":"Category","id":4024,"name":"Spices","hide":false,"dynamic":true,"parentId":4257,"displayOrder":12},{"__typename":"Category","id":4210,"name":"Spices","hide":false,"dynamic":true,"parentId":4181,"displayOrder":25},{"__typename":"Category","id":4047,"name":"Spices","hide":false,"dynamic":true,"parentId":4026,"displayOrder":13},{"__typename":"Category","id":4957,"name":"Spices","hide":true,"dynamic":true,"parentId":4958,"displayOrder":4},{"__typename":"Category","id":4025,"name":"Spices","hide":false,"dynamic":true,"parentId":4008,"displayOrder":10},{"__typename":"Category","id":4123,"name":"Spices","hide":false,"dynamic":true,"parentId":4095,"displayOrder":21},{"__typename":"Category","id":4122,"name":"Spices","hide":false,"dynamic":true,"parentId":4102,"displayOrder":22},{"__typename":"Category","id":3700,"name":"Spices \u0026 Seasonings","hide":false,"dynamic":false,"parentId":3373,"displayOrder":44},{"__typename":"Category","id":3413,"name":"Sponges \u0026 Scrubbers","hide":false,"dynamic":false,"parentId":3392,"displayOrder":7},{"__typename":"Category","id":3510,"name":"Sports Drinks","hide":false,"dynamic":false,"parentId":3443,"displayOrder":2},{"__typename":"Category","id":4873,"name":"Sports Drinks","hide":true,"dynamic":true,"parentId":null,"displayOrder":159},{"__typename":"Category","id":4065,"name":"Spreads","hide":false,"dynamic":true,"parentId":4057,"displayOrder":5},{"__typename":"Category","id":3705,"name":"Spreads \u0026 Dips","hide":false,"dynamic":false,"parentId":3373,"displayOrder":46},{"__typename":"Category","id":3529,"name":"Spreads \u0026 Dips","hide":false,"dynamic":false,"parentId":3486,"displayOrder":3},{"__typename":"Category","id":4667,"name":"Spring/Ramadan Specials","hide":true,"dynamic":true,"parentId":null,"displayOrder":119},{"__typename":"Category","id":3372,"name":"Squid, Calamari, Octupus","hide":false,"dynamic":false,"parentId":3367,"displayOrder":7},{"__typename":"Category","id":5373,"name":"Stanislaus Canned Tomatoes","hide":true,"dynamic":true,"parentId":5372,"displayOrder":1},{"__typename":"Category","id":4861,"name":"Still Waters","hide":true,"dynamic":true,"parentId":4859,"displayOrder":2},{"__typename":"Category","id":3426,"name":"Stocks, Broths \u0026 Bases","hide":false,"dynamic":false,"parentId":3373,"displayOrder":34},{"__typename":"Category","id":5052,"name":"Storage Containers","hide":false,"dynamic":false,"parentId":3332,"displayOrder":36},{"__typename":"Category","id":4664,"name":"St Patrick\'s Day","hide":true,"dynamic":true,"parentId":null,"displayOrder":117},{"__typename":"Category","id":3458,"name":"Straws \u0026 Drink Stirrers","hide":false,"dynamic":false,"parentId":3332,"displayOrder":5},{"__typename":"Category","id":4046,"name":"Sugar","hide":false,"dynamic":true,"parentId":4008,"displayOrder":13},{"__typename":"Category","id":4124,"name":"Sugar","hide":false,"dynamic":true,"parentId":4102,"displayOrder":23},{"__typename":"Category","id":4212,"name":"Sugar","hide":false,"dynamic":true,"parentId":4181,"displayOrder":26},{"__typename":"Category","id":4045,"name":"Sugar","hide":false,"dynamic":true,"parentId":4257,"displayOrder":13},{"__typename":"Category","id":4051,"name":"Sugar","hide":false,"dynamic":true,"parentId":4026,"displayOrder":14},{"__typename":"Category","id":4125,"name":"Sugar","hide":false,"dynamic":true,"parentId":4095,"displayOrder":22},{"__typename":"Category","id":3427,"name":"Sugars, Sweeteners, Honey","hide":false,"dynamic":false,"parentId":3373,"displayOrder":35},{"__typename":"Category","id":4828,"name":"Summer - Ice Cream","hide":true,"dynamic":true,"parentId":null,"displayOrder":150},{"__typename":"Category","id":4199,"name":"Sunday Sauce Ingredients","hide":true,"dynamic":true,"parentId":null,"displayOrder":60},{"__typename":"Category","id":3446,"name":"Supplies","hide":false,"dynamic":false,"parentId":null,"displayOrder":18},{"__typename":"Category","id":3629,"name":"Supplies \u0026 Equipment","hide":false,"dynamic":true,"parentId":3582,"displayOrder":9},{"__typename":"Category","id":4997,"name":"Sweet Street","hide":true,"dynamic":true,"parentId":null,"displayOrder":183},{"__typename":"Category","id":4990,"name":"Sweet Street December Promo","hide":true,"dynamic":true,"parentId":null,"displayOrder":179},{"__typename":"Category","id":4991,"name":"Sweet Street December Promo","hide":true,"dynamic":true,"parentId":4990,"displayOrder":1},{"__typename":"Category","id":3696,"name":"Syrups","hide":false,"dynamic":false,"parentId":3443,"displayOrder":12},{"__typename":"Category","id":3374,"name":"Syrups","hide":false,"dynamic":false,"parentId":3373,"displayOrder":2},{"__typename":"Category","id":4126,"name":"Tahini","hide":false,"dynamic":true,"parentId":4102,"displayOrder":8},{"__typename":"Category","id":4127,"name":"Tahini \u0026 Hummus","hide":false,"dynamic":true,"parentId":4095,"displayOrder":23},{"__typename":"Category","id":4088,"name":"Tahini \u0026 Hummus","hide":false,"dynamic":true,"parentId":4008,"displayOrder":25},{"__typename":"Category","id":3973,"name":"Takeout / Delivery Essentials","hide":false,"dynamic":true,"parentId":3961,"displayOrder":3},{"__typename":"Category","id":3937,"name":"Takeout / Delivery Essentials","hide":false,"dynamic":true,"parentId":3936,"displayOrder":11},{"__typename":"Category","id":3939,"name":"Takeout / Delivery Essentials","hide":false,"dynamic":true,"parentId":4759,"displayOrder":3},{"__typename":"Category","id":3966,"name":"Takeout / Delivery Essentials","hide":false,"dynamic":true,"parentId":3951,"displayOrder":3},{"__typename":"Category","id":3948,"name":"Takeout / Delivery Essentials","hide":false,"dynamic":true,"parentId":3934,"displayOrder":15},{"__typename":"Category","id":3851,"name":"Take Out / Delivery Essentials","hide":false,"dynamic":true,"parentId":3824,"displayOrder":12},{"__typename":"Category","id":3892,"name":"Take Out / Delivery Essentials","hide":false,"dynamic":true,"parentId":3867,"displayOrder":13},{"__typename":"Category","id":3909,"name":"Take Out / Delivery Essentials","hide":false,"dynamic":true,"parentId":3898,"displayOrder":16},{"__typename":"Category","id":3866,"name":"Take Out / Delivery Essentials","hide":false,"dynamic":true,"parentId":3841,"displayOrder":18},{"__typename":"Category","id":3832,"name":"Take Out / Delivery Essentials","hide":false,"dynamic":true,"parentId":3813,"displayOrder":12},{"__typename":"Category","id":3473,"name":"Take Out Products","hide":false,"dynamic":false,"parentId":3332,"displayOrder":3},{"__typename":"Category","id":4271,"name":"Tampico Spice","hide":false,"dynamic":true,"parentId":4268,"displayOrder":2},{"__typename":"Category","id":4864,"name":"Tea","hide":true,"dynamic":true,"parentId":4862,"displayOrder":3},{"__typename":"Category","id":3509,"name":"Tea (Ready to Drink)","hide":false,"dynamic":false,"parentId":3443,"displayOrder":14},{"__typename":"Category","id":4784,"name":"The McRib","hide":true,"dynamic":true,"parentId":null,"displayOrder":131},{"__typename":"Category","id":4785,"name":"The McRib","hide":true,"dynamic":true,"parentId":4784,"displayOrder":1},{"__typename":"Category","id":3984,"name":"Thirst Quenchers","hide":false,"dynamic":true,"parentId":3936,"displayOrder":12},{"__typename":"Category","id":3686,"name":"Tilapia","hide":false,"dynamic":false,"parentId":3367,"displayOrder":11},{"__typename":"Category","id":3691,"name":"Tofu","hide":false,"dynamic":false,"parentId":3640,"displayOrder":4},{"__typename":"Category","id":4618,"name":"To-Go Packaging","hide":false,"dynamic":true,"parentId":4666,"displayOrder":7},{"__typename":"Category","id":3729,"name":"Toilet Paper \u0026 Seat Covers","hide":false,"dynamic":false,"parentId":3446,"displayOrder":2},{"__typename":"Category","id":3327,"name":"Tomatoes","hide":false,"dynamic":false,"parentId":3311,"displayOrder":8},{"__typename":"Category","id":3996,"name":"Tomato Products","hide":false,"dynamic":true,"parentId":4759,"displayOrder":10},{"__typename":"Category","id":4029,"name":"Tomato Products","hide":false,"dynamic":true,"parentId":4008,"displayOrder":14},{"__typename":"Category","id":3894,"name":"Tomato Products","hide":false,"dynamic":true,"parentId":3867,"displayOrder":14},{"__typename":"Category","id":4093,"name":"Tomato Products","hide":false,"dynamic":true,"parentId":4257,"displayOrder":4},{"__typename":"Category","id":4135,"name":"Tomato Products","hide":false,"dynamic":true,"parentId":4102,"displayOrder":3},{"__typename":"Category","id":4094,"name":"Tomato Products","hide":false,"dynamic":true,"parentId":4026,"displayOrder":3},{"__typename":"Category","id":4170,"name":"Tomato Salad Ingredients","hide":true,"dynamic":true,"parentId":null,"displayOrder":57},{"__typename":"Category","id":3923,"name":"Toppings","hide":false,"dynamic":true,"parentId":3922,"displayOrder":3},{"__typename":"Category","id":4832,"name":"Toppings","hide":true,"dynamic":true,"parentId":4828,"displayOrder":5},{"__typename":"Category","id":3931,"name":"Toppings","hide":false,"dynamic":true,"parentId":3926,"displayOrder":4},{"__typename":"Category","id":3528,"name":"Tortillas","hide":false,"dynamic":false,"parentId":3452,"displayOrder":2},{"__typename":"Category","id":3415,"name":"Trash Bags","hide":false,"dynamic":false,"parentId":3392,"displayOrder":8},{"__typename":"Category","id":3441,"name":"Tropical Fruit","hide":false,"dynamic":false,"parentId":3363,"displayOrder":4},{"__typename":"Category","id":3681,"name":"Tuna","hide":false,"dynamic":false,"parentId":3373,"displayOrder":36},{"__typename":"Category","id":3687,"name":"Tuna","hide":false,"dynamic":false,"parentId":3367,"displayOrder":12},{"__typename":"Category","id":3567,"name":"Turkey","hide":false,"dynamic":false,"parentId":3307,"displayOrder":4},{"__typename":"Category","id":4807,"name":"Turmeric Fish","hide":true,"dynamic":true,"parentId":4806,"displayOrder":1},{"__typename":"Category","id":4806,"name":"Turmeric Fish (Chả cá thăng long)","hide":true,"dynamic":true,"parentId":null,"displayOrder":142},{"__typename":"Category","id":4844,"name":"Tyson Chicken Breast Fillets","hide":true,"dynamic":true,"parentId":4841,"displayOrder":1},{"__typename":"Category","id":4845,"name":"Tyson Chicken Tenders/Nuggets","hide":true,"dynamic":true,"parentId":4841,"displayOrder":2},{"__typename":"Category","id":4843,"name":"Tyson Chicken Wings","hide":true,"dynamic":true,"parentId":4841,"displayOrder":3},{"__typename":"Category","id":5665,"name":"Tyson Foods","hide":true,"dynamic":true,"parentId":null,"displayOrder":210},{"__typename":"Category","id":5666,"name":"Tyson Foods","hide":true,"dynamic":true,"parentId":5665,"displayOrder":1},{"__typename":"Category","id":4841,"name":"Tyson Poultry","hide":true,"dynamic":true,"parentId":null,"displayOrder":156},{"__typename":"Category","id":5379,"name":"Unilever Food Solutions","hide":true,"dynamic":true,"parentId":5378,"displayOrder":1},{"__typename":"Category","id":5378,"name":"Unilever Food Solutions","hide":true,"dynamic":true,"parentId":null,"displayOrder":203},{"__typename":"Category","id":4619,"name":"Valentines Day","hide":true,"dynamic":true,"parentId":null,"displayOrder":115},{"__typename":"Category","id":3348,"name":"Veal","hide":false,"dynamic":false,"parentId":3307,"displayOrder":24},{"__typename":"Category","id":4472,"name":"Vegan Taco Ingredients","hide":false,"dynamic":true,"parentId":4471,"displayOrder":1},{"__typename":"Category","id":3357,"name":"Vegetables","hide":false,"dynamic":false,"parentId":3330,"displayOrder":5},{"__typename":"Category","id":3775,"name":"Veggie Essentials","hide":false,"dynamic":true,"parentId":3779,"displayOrder":4},{"__typename":"Category","id":4699,"name":"Verduras","hide":true,"dynamic":true,"parentId":4693,"displayOrder":5},{"__typename":"Category","id":4471,"name":"Video Vegan Tacos","hide":true,"dynamic":true,"parentId":null,"displayOrder":86},{"__typename":"Category","id":4166,"name":"Vinegar","hide":false,"dynamic":true,"parentId":4026,"displayOrder":25},{"__typename":"Category","id":4129,"name":"Vinegar","hide":false,"dynamic":true,"parentId":4095,"displayOrder":24},{"__typename":"Category","id":4089,"name":"Vinegar","hide":false,"dynamic":true,"parentId":4008,"displayOrder":26},{"__typename":"Category","id":4874,"name":"Vitaminwater","hide":true,"dynamic":true,"parentId":4873,"displayOrder":1},{"__typename":"Category","id":4213,"name":"Water","hide":false,"dynamic":true,"parentId":4181,"displayOrder":28},{"__typename":"Category","id":4167,"name":"Water","hide":false,"dynamic":true,"parentId":4257,"displayOrder":26},{"__typename":"Category","id":4155,"name":"Water","hide":false,"dynamic":true,"parentId":4026,"displayOrder":26},{"__typename":"Category","id":4132,"name":"Water","hide":false,"dynamic":true,"parentId":4095,"displayOrder":25},{"__typename":"Category","id":4086,"name":"Water","hide":false,"dynamic":true,"parentId":4008,"displayOrder":24},{"__typename":"Category","id":4131,"name":"Water","hide":false,"dynamic":true,"parentId":4102,"displayOrder":25},{"__typename":"Category","id":4859,"name":"Waters","hide":true,"dynamic":true,"parentId":null,"displayOrder":160},{"__typename":"Category","id":4851,"name":"Wings","hide":true,"dynamic":true,"parentId":4850,"displayOrder":1},{"__typename":"Category","id":4885,"name":"Wings","hide":true,"dynamic":true,"parentId":4884,"displayOrder":1},{"__typename":"Category","id":4691,"name":"World Centric","hide":true,"dynamic":true,"parentId":4690,"displayOrder":1},{"__typename":"Category","id":4690,"name":"World Centric","hide":true,"dynamic":true,"parentId":null,"displayOrder":122},{"__typename":"Category","id":4942,"name":"Yogurt","hide":true,"dynamic":true,"parentId":4958,"displayOrder":1},{"__typename":"Category","id":5369,"name":"Yogurt Supplies","hide":true,"dynamic":true,"parentId":5366,"displayOrder":3},{"__typename":"Category","id":5368,"name":"Yogurt Toppings","hide":true,"dynamic":true,"parentId":5366,"displayOrder":2}]}}}},"loading":false,"networkStatus":7},"queryName":"QUERY_CATEGORIES"}],["$","$L14",null,{"pl":"2","area":"nav","className":"border-r border-r-gray-200","children":["$","$L17",null,{"direction":"column","gap":4,"pr":2,"className":"w-full h-[calc(100vh-84px)] [\u0026::-webkit-scrollbar]:w-1 [\u0026::-webkit-scrollbar-thumb]:bg-slate-200 overflow-y-scroll sticky top-[84px]","children":["$","$L2a",null,{"categories":[{"__typename":"Category","id":3393,"name":"All Purpose","hide":false,"dynamic":false,"parentId":3392,"displayOrder":1},{"__typename":"Category","id":4426,"name":"Angus","hide":false,"dynamic":true,"parentId":4425,"displayOrder":1},{"__typename":"Category","id":3997,"name":"Appetizers","hide":false,"dynamic":true,"parentId":3934,"displayOrder":1},{"__typename":"Category","id":3980,"name":"Appetizers","hide":false,"dynamic":true,"parentId":4759,"displayOrder":1},{"__typename":"Category","id":4226,"name":"Bacon","hide":false,"dynamic":true,"parentId":4225,"displayOrder":1},{"__typename":"Category","id":3856,"name":"Baked Goods","hide":false,"dynamic":true,"parentId":3841,"displayOrder":1},{"__typename":"Category","id":3910,"name":"Baked Goods","hide":false,"dynamic":true,"parentId":3898,"displayOrder":1},{"__typename":"Category","id":3869,"name":"Baking Ingredients","hide":false,"dynamic":true,"parentId":3867,"displayOrder":1},{"__typename":"Category","id":3978,"name":"Baking Ingredients","hide":false,"dynamic":true,"parentId":3936,"displayOrder":1},{"__typename":"Category","id":4269,"name":"Barilla Pasta","hide":false,"dynamic":true,"parentId":4268,"displayOrder":1},{"__typename":"Category","id":4182,"name":"BBQ \u0026 Hot Sauce","hide":false,"dynamic":true,"parentId":4181,"displayOrder":1},{"__typename":"Category","id":4622,"name":"Beef","hide":false,"dynamic":true,"parentId":4619,"displayOrder":1},{"__typename":"Category","id":3349,"name":"Beef (Frozen)","hide":false,"dynamic":false,"parentId":3307,"displayOrder":1},{"__typename":"Category","id":4394,"name":"Beverage Syrups","hide":false,"dynamic":true,"parentId":4393,"displayOrder":1},{"__typename":"Category","id":4133,"name":"Bread","hide":false,"dynamic":true,"parentId":4102,"displayOrder":1},{"__typename":"Category","id":4096,"name":"Bread","hide":false,"dynamic":true,"parentId":4095,"displayOrder":1},{"__typename":"Category","id":3626,"name":"Breads \u0026 Bakery","hide":false,"dynamic":true,"parentId":3582,"displayOrder":1},{"__typename":"Category","id":3927,"name":"Buns","hide":false,"dynamic":true,"parentId":3926,"displayOrder":1},{"__typename":"Category","id":3641,"name":"Cheese Alternatives","hide":false,"dynamic":false,"parentId":3640,"displayOrder":1},{"__typename":"Category","id":3520,"name":"Cheese Wheel","hide":false,"dynamic":false,"parentId":3365,"displayOrder":1},{"__typename":"Category","id":4634,"name":"Chicken, Raw","hide":false,"dynamic":true,"parentId":4631,"displayOrder":1},{"__typename":"Category","id":4613,"name":"Chicken Wing Things","hide":false,"dynamic":true,"parentId":4666,"displayOrder":1},{"__typename":"Category","id":4529,"name":"Church Brothers Products","hide":false,"dynamic":true,"parentId":4528,"displayOrder":1},{"__typename":"Category","id":3364,"name":"Citrus","hide":false,"dynamic":false,"parentId":3363,"displayOrder":1},{"__typename":"Category","id":3771,"name":"Dairy","hide":false,"dynamic":true,"parentId":3779,"displayOrder":1},{"__typename":"Category","id":3817,"name":"Dairy","hide":false,"dynamic":true,"parentId":3813,"displayOrder":1},{"__typename":"Category","id":3925,"name":"Dough","hide":false,"dynamic":true,"parentId":3922,"displayOrder":1},{"__typename":"Category","id":4250,"name":"Fresh Breads","hide":false,"dynamic":false,"parentId":3452,"displayOrder":1},{"__typename":"Category","id":3542,"name":"Glasses, Cups, Mugs","hide":false,"dynamic":false,"parentId":3446,"displayOrder":1},{"__typename":"Category","id":3312,"name":"Herbs","hide":false,"dynamic":false,"parentId":3311,"displayOrder":1},{"__typename":"Category","id":4543,"name":"Hodo","hide":false,"dynamic":true,"parentId":4542,"displayOrder":1},{"__typename":"Category","id":4591,"name":"Ice Cream Assortment","hide":false,"dynamic":true,"parentId":4590,"displayOrder":1},{"__typename":"Category","id":4075,"name":"Ingredient List","hide":false,"dynamic":true,"parentId":4074,"displayOrder":1},{"__typename":"Category","id":4077,"name":"Ingredient List","hide":false,"dynamic":true,"parentId":4076,"displayOrder":1},{"__typename":"Category","id":4073,"name":"Ingredient List","hide":false,"dynamic":true,"parentId":4072,"displayOrder":1},{"__typename":"Category","id":4265,"name":"Local \u0026 Specialty ","hide":false,"dynamic":false,"parentId":null,"displayOrder":1},{"__typename":"Category","id":4415,"name":"Market Watch","hide":false,"dynamic":true,"parentId":4414,"displayOrder":1},{"__typename":"Category","id":4586,"name":"Path Water","hide":false,"dynamic":true,"parentId":4585,"displayOrder":1},{"__typename":"Category","id":4397,"name":"Pepsi Cans \u0026 Bottles","hide":false,"dynamic":true,"parentId":4396,"displayOrder":1},{"__typename":"Category","id":3573,"name":"Pickled","hide":false,"dynamic":false,"parentId":3373,"displayOrder":1},{"__typename":"Category","id":4252,"name":"Pita","hide":false,"dynamic":true,"parentId":4177,"displayOrder":1},{"__typename":"Category","id":3361,"name":"Plastic \u0026 Paper Cups","hide":false,"dynamic":false,"parentId":3332,"displayOrder":1},{"__typename":"Category","id":3360,"name":"Sausages","hide":false,"dynamic":false,"parentId":3330,"displayOrder":1},{"__typename":"Category","id":4331,"name":"Simplot Potatoes","hide":false,"dynamic":true,"parentId":4330,"displayOrder":1},{"__typename":"Category","id":4508,"name":"Sinto Gourmet Products","hide":false,"dynamic":true,"parentId":4507,"displayOrder":1},{"__typename":"Category","id":3464,"name":"Soft Drinks","hide":false,"dynamic":false,"parentId":3443,"displayOrder":1},{"__typename":"Category","id":4472,"name":"Vegan Taco Ingredients","hide":false,"dynamic":true,"parentId":4471,"displayOrder":1},{"__typename":"Category","id":4000,"name":"Baked Goods","hide":false,"dynamic":true,"parentId":3934,"displayOrder":2},{"__typename":"Category","id":3344,"name":"Bakery Products","hide":false,"dynamic":false,"parentId":3330,"displayOrder":2},{"__typename":"Category","id":3852,"name":"Baking Ingredients","hide":false,"dynamic":true,"parentId":3841,"displayOrder":2},{"__typename":"Category","id":4231,"name":"Beef","hide":false,"dynamic":true,"parentId":4227,"displayOrder":2},{"__typename":"Category","id":3460,"name":"Beef (Ground \u0026 Patties)","hide":false,"dynamic":false,"parentId":3307,"displayOrder":2},{"__typename":"Category","id":4633,"name":"Beef, Raw","hide":false,"dynamic":true,"parentId":4631,"displayOrder":2},{"__typename":"Category","id":3395,"name":"Bleach","hide":false,"dynamic":false,"parentId":3392,"displayOrder":2},{"__typename":"Category","id":4017,"name":"Canned Goods","hide":false,"dynamic":true,"parentId":4008,"displayOrder":2},{"__typename":"Category","id":4032,"name":"Cheese","hide":false,"dynamic":true,"parentId":4257,"displayOrder":2},{"__typename":"Category","id":3981,"name":"Cheese","hide":false,"dynamic":true,"parentId":3936,"displayOrder":2},{"__typename":"Category","id":3835,"name":"Cheese","hide":false,"dynamic":true,"parentId":3824,"displayOrder":2},{"__typename":"Category","id":3911,"name":"Cheese","hide":false,"dynamic":true,"parentId":3898,"displayOrder":2},{"__typename":"Category","id":4404,"name":"Compostable Cutlery V2","hide":false,"dynamic":true,"parentId":4399,"displayOrder":2},{"__typename":"Category","id":3439,"name":"Crab \u0026 Lobster","hide":false,"dynamic":false,"parentId":3367,"displayOrder":2},{"__typename":"Category","id":3487,"name":"Crackers","hide":false,"dynamic":false,"parentId":3486,"displayOrder":2},{"__typename":"Category","id":3526,"name":"Cream Cheese","hide":false,"dynamic":false,"parentId":3365,"displayOrder":2},{"__typename":"Category","id":3870,"name":"Dairy","hide":false,"dynamic":true,"parentId":3867,"displayOrder":2},{"__typename":"Category","id":3630,"name":"Dairy","hide":false,"dynamic":true,"parentId":3582,"displayOrder":2},{"__typename":"Category","id":3505,"name":"Eggs","hide":false,"dynamic":false,"parentId":3456,"displayOrder":2},{"__typename":"Category","id":4233,"name":"Fresh from the Farm","hide":false,"dynamic":true,"parentId":3961,"displayOrder":2},{"__typename":"Category","id":3986,"name":"Fresh from the Farm","hide":false,"dynamic":true,"parentId":4759,"displayOrder":2},{"__typename":"Category","id":4392,"name":"Grab \u0026 Go Beverages","hide":false,"dynamic":true,"parentId":4389,"displayOrder":2},{"__typename":"Category","id":3772,"name":"Herbs, Spices, \u0026 Chilis","hide":false,"dynamic":true,"parentId":3779,"displayOrder":2},{"__typename":"Category","id":3485,"name":"Hot Dogs \u0026 Sausages","hide":false,"dynamic":false,"parentId":3482,"displayOrder":2},{"__typename":"Category","id":4545,"name":"Koji Ham","hide":false,"dynamic":true,"parentId":4544,"displayOrder":2},{"__typename":"Category","id":3642,"name":"Meat Alternatives","hide":false,"dynamic":false,"parentId":3640,"displayOrder":2},{"__typename":"Category","id":3346,"name":"Micro Greens","hide":false,"dynamic":false,"parentId":3311,"displayOrder":2},{"__typename":"Category","id":4615,"name":"Nacho Staples","hide":false,"dynamic":true,"parentId":4666,"displayOrder":2},{"__typename":"Category","id":4176,"name":"Pantry","hide":false,"dynamic":true,"parentId":4026,"displayOrder":2},{"__typename":"Category","id":4175,"name":"Pantry","hide":false,"dynamic":true,"parentId":4095,"displayOrder":2},{"__typename":"Category","id":4174,"name":"Pantry","hide":false,"dynamic":true,"parentId":4102,"displayOrder":2},{"__typename":"Category","id":3928,"name":"Patties","hide":false,"dynamic":true,"parentId":3926,"displayOrder":2},{"__typename":"Category","id":3640,"name":"Plant-Based","hide":false,"dynamic":false,"parentId":null,"displayOrder":2},{"__typename":"Category","id":3510,"name":"Sports Drinks","hide":false,"dynamic":false,"parentId":3443,"displayOrder":2},{"__typename":"Category","id":3374,"name":"Syrups","hide":false,"dynamic":false,"parentId":3373,"displayOrder":2},{"__typename":"Category","id":4271,"name":"Tampico Spice","hide":false,"dynamic":true,"parentId":4268,"displayOrder":2},{"__typename":"Category","id":3729,"name":"Toilet Paper \u0026 Seat Covers","hide":false,"dynamic":false,"parentId":3446,"displayOrder":2},{"__typename":"Category","id":3528,"name":"Tortillas","hide":false,"dynamic":false,"parentId":3452,"displayOrder":2},{"__typename":"Category","id":3739,"name":"Bagels \u0026 Muffins","hide":false,"dynamic":false,"parentId":3452,"displayOrder":3},{"__typename":"Category","id":3979,"name":"Baking Ingredients","hide":false,"dynamic":true,"parentId":3934,"displayOrder":3},{"__typename":"Category","id":4534,"name":"Block Mozzarella","hide":false,"dynamic":true,"parentId":4004,"displayOrder":3},{"__typename":"Category","id":4184,"name":"Bread","hide":false,"dynamic":true,"parentId":4181,"displayOrder":3},{"__typename":"Category","id":3506,"name":"Buttermilk","hide":false,"dynamic":false,"parentId":3456,"displayOrder":3},{"__typename":"Category","id":3467,"name":"Candles","hide":false,"dynamic":false,"parentId":3446,"displayOrder":3},{"__typename":"Category","id":3494,"name":"Canned \u0026 Jarred Fruit","hide":false,"dynamic":false,"parentId":3373,"displayOrder":3},{"__typename":"Category","id":3857,"name":"Cheese","hide":false,"dynamic":true,"parentId":3841,"displayOrder":3},{"__typename":"Category","id":4402,"name":"Compostable Hinged Containers","hide":false,"dynamic":true,"parentId":4399,"displayOrder":3},{"__typename":"Category","id":3930,"name":"Condiments","hide":false,"dynamic":true,"parentId":3926,"displayOrder":3},{"__typename":"Category","id":3522,"name":"Crumbled, Cubed, Grated, Shaved","hide":false,"dynamic":false,"parentId":3365,"displayOrder":3},{"__typename":"Category","id":3955,"name":"Dairy","hide":false,"dynamic":true,"parentId":3936,"displayOrder":3},{"__typename":"Category","id":3901,"name":"Dairy","hide":false,"dynamic":true,"parentId":3898,"displayOrder":3},{"__typename":"Category","id":3627,"name":"Deli \u0026 Prepared Foods","hide":false,"dynamic":true,"parentId":3582,"displayOrder":3},{"__typename":"Category","id":3331,"name":"Desserts","hide":false,"dynamic":false,"parentId":3330,"displayOrder":3},{"__typename":"Category","id":3871,"name":"Desserts","hide":false,"dynamic":true,"parentId":3867,"displayOrder":3},{"__typename":"Category","id":3694,"name":"Drink Bases \u0026 Mixes","hide":false,"dynamic":false,"parentId":3443,"displayOrder":3},{"__typename":"Category","id":3818,"name":"Drinks","hide":false,"dynamic":true,"parentId":3813,"displayOrder":3},{"__typename":"Category","id":4273,"name":"Fabri-Kal","hide":false,"dynamic":true,"parentId":4268,"displayOrder":3},{"__typename":"Category","id":3620,"name":"Fresh Produce","hide":false,"dynamic":true,"parentId":3617,"displayOrder":3},{"__typename":"Category","id":4608,"name":"Koji Charcuterie","hide":false,"dynamic":true,"parentId":4544,"displayOrder":3},{"__typename":"Category","id":4354,"name":"Meat \u0026 Poultry","hide":false,"dynamic":true,"parentId":4265,"displayOrder":3},{"__typename":"Category","id":3481,"name":"Melon","hide":false,"dynamic":false,"parentId":3363,"displayOrder":3},{"__typename":"Category","id":3643,"name":"Milk Alternatives","hide":false,"dynamic":false,"parentId":3640,"displayOrder":3},{"__typename":"Category","id":3322,"name":"Mushrooms","hide":false,"dynamic":false,"parentId":3311,"displayOrder":3},{"__typename":"Category","id":3323,"name":"Pork","hide":false,"dynamic":false,"parentId":3307,"displayOrder":3},{"__typename":"Category","id":4635,"name":"Pork, Raw","hide":false,"dynamic":true,"parentId":4631,"displayOrder":3},{"__typename":"Category","id":4023,"name":"Produce","hide":false,"dynamic":true,"parentId":4257,"displayOrder":3},{"__typename":"Category","id":3774,"name":"Rice","hide":false,"dynamic":true,"parentId":3779,"displayOrder":3},{"__typename":"Category","id":4621,"name":"Seafood","hide":false,"dynamic":true,"parentId":4619,"displayOrder":3},{"__typename":"Category","id":4614,"name":"Sliders \u0026 Burgers","hide":false,"dynamic":true,"parentId":4666,"displayOrder":3},{"__typename":"Category","id":3529,"name":"Spreads \u0026 Dips","hide":false,"dynamic":false,"parentId":3486,"displayOrder":3},{"__typename":"Category","id":3973,"name":"Takeout / Delivery Essentials","hide":false,"dynamic":true,"parentId":3961,"displayOrder":3},{"__typename":"Category","id":3939,"name":"Takeout / Delivery Essentials","hide":false,"dynamic":true,"parentId":4759,"displayOrder":3},{"__typename":"Category","id":3966,"name":"Takeout / Delivery Essentials","hide":false,"dynamic":true,"parentId":3951,"displayOrder":3},{"__typename":"Category","id":3473,"name":"Take Out Products","hide":false,"dynamic":false,"parentId":3332,"displayOrder":3},{"__typename":"Category","id":4135,"name":"Tomato Products","hide":false,"dynamic":true,"parentId":4102,"displayOrder":3},{"__typename":"Category","id":4094,"name":"Tomato Products","hide":false,"dynamic":true,"parentId":4026,"displayOrder":3},{"__typename":"Category","id":3923,"name":"Toppings","hide":false,"dynamic":true,"parentId":3922,"displayOrder":3},{"__typename":"Category","id":4632,"name":"Bacon \u0026 Hams","hide":false,"dynamic":true,"parentId":4631,"displayOrder":4},{"__typename":"Category","id":4185,"name":"Butter","hide":false,"dynamic":true,"parentId":4181,"displayOrder":4},{"__typename":"Category","id":3431,"name":"Canned Beans","hide":false,"dynamic":false,"parentId":3373,"displayOrder":4},{"__typename":"Category","id":4099,"name":"Carry-out Essentials","hide":false,"dynamic":true,"parentId":4095,"displayOrder":4},{"__typename":"Category","id":4136,"name":"Carry-out Essentials","hide":false,"dynamic":true,"parentId":4102,"displayOrder":4},{"__typename":"Category","id":4031,"name":"Cheese","hide":false,"dynamic":true,"parentId":4026,"displayOrder":4},{"__typename":"Category","id":3967,"name":"Cheese","hide":false,"dynamic":true,"parentId":3934,"displayOrder":4},{"__typename":"Category","id":4597,"name":"Clover Sonoma","hide":false,"dynamic":true,"parentId":4458,"displayOrder":4},{"__typename":"Category","id":4403,"name":"Compostable Cups Lids \u0026 Straws V2","hide":false,"dynamic":true,"parentId":4399,"displayOrder":4},{"__typename":"Category","id":3451,"name":"Cookware","hide":false,"dynamic":false,"parentId":3446,"displayOrder":4},{"__typename":"Category","id":3493,"name":"Cream \u0026 Creamers","hide":false,"dynamic":false,"parentId":3456,"displayOrder":4},{"__typename":"Category","id":3720,"name":"Cutlery","hide":false,"dynamic":false,"parentId":3332,"displayOrder":4},{"__typename":"Category","id":3855,"name":"Dairy","hide":false,"dynamic":true,"parentId":3841,"displayOrder":4},{"__typename":"Category","id":3334,"name":"Dough","hide":false,"dynamic":false,"parentId":3330,"displayOrder":4},{"__typename":"Category","id":3825,"name":"Dressings \u0026 Dips","hide":false,"dynamic":true,"parentId":3824,"displayOrder":4},{"__typename":"Category","id":3982,"name":"Drinks","hide":false,"dynamic":true,"parentId":3936,"displayOrder":4},{"__typename":"Category","id":3872,"name":"Drinks","hide":false,"dynamic":true,"parentId":3867,"displayOrder":4},{"__typename":"Category","id":3820,"name":"For the Fryer","hide":false,"dynamic":true,"parentId":3813,"displayOrder":4},{"__typename":"Category","id":3587,"name":"Fresh Produce","hide":false,"dynamic":true,"parentId":3582,"displayOrder":4},{"__typename":"Category","id":4254,"name":"Frozen Breads","hide":false,"dynamic":false,"parentId":3452,"displayOrder":4},{"__typename":"Category","id":4391,"name":"Grab \u0026 Go Snacks","hide":false,"dynamic":true,"parentId":4389,"displayOrder":4},{"__typename":"Category","id":3533,"name":"Ham","hide":false,"dynamic":false,"parentId":3482,"displayOrder":4},{"__typename":"Category","id":3406,"name":"Hand Soap","hide":false,"dynamic":false,"parentId":3392,"displayOrder":4},{"__typename":"Category","id":4063,"name":"Olives","hide":false,"dynamic":true,"parentId":4057,"displayOrder":4},{"__typename":"Category","id":3313,"name":"Onions \u0026 Garlic","hide":false,"dynamic":false,"parentId":3311,"displayOrder":4},{"__typename":"Category","id":3624,"name":"Pantry \u0026 Snacks","hide":false,"dynamic":true,"parentId":3617,"displayOrder":4},{"__typename":"Category","id":4617,"name":"Pizza Toppings","hide":false,"dynamic":true,"parentId":4666,"displayOrder":4},{"__typename":"Category","id":4511,"name":"Prepared Foods","hide":false,"dynamic":true,"parentId":4265,"displayOrder":4},{"__typename":"Category","id":4011,"name":"Produce","hide":false,"dynamic":true,"parentId":4008,"displayOrder":4},{"__typename":"Category","id":3369,"name":"Seafood, Other","hide":false,"dynamic":false,"parentId":3367,"displayOrder":4},{"__typename":"Category","id":4533,"name":"Shredded Mozz","hide":false,"dynamic":true,"parentId":4004,"displayOrder":4},{"__typename":"Category","id":3523,"name":"Sliced Cheese","hide":false,"dynamic":false,"parentId":3365,"displayOrder":4},{"__typename":"Category","id":3448,"name":"Sparkling Water","hide":false,"dynamic":false,"parentId":3443,"displayOrder":4},{"__typename":"Category","id":3691,"name":"Tofu","hide":false,"dynamic":false,"parentId":3640,"displayOrder":4},{"__typename":"Category","id":4093,"name":"Tomato Products","hide":false,"dynamic":true,"parentId":4257,"displayOrder":4},{"__typename":"Category","id":3931,"name":"Toppings","hide":false,"dynamic":true,"parentId":3926,"displayOrder":4},{"__typename":"Category","id":3441,"name":"Tropical Fruit","hide":false,"dynamic":false,"parentId":3363,"displayOrder":4},{"__typename":"Category","id":3567,"name":"Turkey","hide":false,"dynamic":false,"parentId":3307,"displayOrder":4},{"__typename":"Category","id":3775,"name":"Veggie Essentials","hide":false,"dynamic":true,"parentId":3779,"displayOrder":4},{"__typename":"Category","id":3532,"name":"Bacon","hide":false,"dynamic":false,"parentId":3482,"displayOrder":5},{"__typename":"Category","id":3513,"name":"Bottled Water","hide":false,"dynamic":false,"parentId":3443,"displayOrder":5},{"__typename":"Category","id":3690,"name":"Candy \u0026 Chocolate","hide":false,"dynamic":false,"parentId":3486,"displayOrder":5},{"__typename":"Category","id":4186,"name":"Canned Goods","hide":false,"dynamic":true,"parentId":4181,"displayOrder":5},{"__typename":"Category","id":4100,"name":"Cheese","hide":false,"dynamic":true,"parentId":4095,"displayOrder":5},{"__typename":"Category","id":4138,"name":"Cheese","hide":false,"dynamic":true,"parentId":4102,"displayOrder":5},{"__typename":"Category","id":4069,"name":"Cleaning Supplies","hide":false,"dynamic":true,"parentId":4008,"displayOrder":5},{"__typename":"Category","id":4040,"name":"Cleaning Supplies","hide":false,"dynamic":true,"parentId":4026,"displayOrder":5},{"__typename":"Category","id":4092,"name":"Cleaning Supplies","hide":false,"dynamic":true,"parentId":4257,"displayOrder":5},{"__typename":"Category","id":3508,"name":"Cultured Dairy","hide":false,"dynamic":false,"parentId":3456,"displayOrder":5},{"__typename":"Category","id":3957,"name":"Dairy","hide":false,"dynamic":true,"parentId":3951,"displayOrder":5},{"__typename":"Category","id":4623,"name":"Dairy","hide":false,"dynamic":true,"parentId":4619,"displayOrder":5},{"__typename":"Category","id":3954,"name":"Dairy","hide":false,"dynamic":true,"parentId":3934,"displayOrder":5},{"__typename":"Category","id":3469,"name":"Dinnerware","hide":false,"dynamic":false,"parentId":3446,"displayOrder":5},{"__typename":"Category","id":3912,"name":"Dressings \u0026 Dips","hide":false,"dynamic":true,"parentId":3898,"displayOrder":5},{"__typename":"Category","id":3838,"name":"Drinks","hide":false,"dynamic":true,"parentId":3824,"displayOrder":5},{"__typename":"Category","id":3873,"name":"Food Storage Essentials","hide":false,"dynamic":true,"parentId":3867,"displayOrder":5},{"__typename":"Category","id":3821,"name":"Fresh from the Farm","hide":false,"dynamic":true,"parentId":3813,"displayOrder":5},{"__typename":"Category","id":3949,"name":"Fresh from the Farm","hide":false,"dynamic":true,"parentId":3936,"displayOrder":5},{"__typename":"Category","id":4532,"name":"Fresh Mozz","hide":false,"dynamic":true,"parentId":4004,"displayOrder":5},{"__typename":"Category","id":3988,"name":"From the Pantry","hide":false,"dynamic":true,"parentId":4759,"displayOrder":5},{"__typename":"Category","id":3974,"name":"From the Pantry","hide":false,"dynamic":true,"parentId":3961,"displayOrder":5},{"__typename":"Category","id":3602,"name":"Frozen","hide":false,"dynamic":true,"parentId":3582,"displayOrder":5},{"__typename":"Category","id":3352,"name":"Lamb","hide":false,"dynamic":false,"parentId":3307,"displayOrder":5},{"__typename":"Category","id":3407,"name":"Other Cleaning Agents","hide":false,"dynamic":false,"parentId":3392,"displayOrder":5},{"__typename":"Category","id":3325,"name":"Peppers","hide":false,"dynamic":false,"parentId":3311,"displayOrder":5},{"__typename":"Category","id":4280,"name":"Simplot","hide":false,"dynamic":true,"parentId":4268,"displayOrder":5},{"__typename":"Category","id":3521,"name":"Specialty Cheese","hide":false,"dynamic":false,"parentId":3365,"displayOrder":5},{"__typename":"Category","id":4065,"name":"Spreads","hide":false,"dynamic":true,"parentId":4057,"displayOrder":5},{"__typename":"Category","id":3458,"name":"Straws \u0026 Drink Stirrers","hide":false,"dynamic":false,"parentId":3332,"displayOrder":5},{"__typename":"Category","id":3357,"name":"Vegetables","hide":false,"dynamic":false,"parentId":3330,"displayOrder":5},{"__typename":"Category","id":3382,"name":"Baking Ingredients","hide":false,"dynamic":false,"parentId":3373,"displayOrder":6},{"__typename":"Category","id":4272,"name":"Beaver Street Fisheries","hide":false,"dynamic":true,"parentId":4268,"displayOrder":6},{"__typename":"Category","id":5430,"name":"Breads","hide":false,"dynamic":false,"parentId":3452,"displayOrder":6},{"__typename":"Category","id":4189,"name":"Carry-out Essentials","hide":false,"dynamic":true,"parentId":4181,"displayOrder":6},{"__typename":"Category","id":3365,"name":"Cheese","hide":false,"dynamic":false,"parentId":null,"displayOrder":6},{"__typename":"Category","id":3502,"name":"Chips \u0026 Crisps","hide":false,"dynamic":false,"parentId":3486,"displayOrder":6},{"__typename":"Category","id":4103,"name":"Cleaning Supplies","hide":false,"dynamic":true,"parentId":4102,"displayOrder":6},{"__typename":"Category","id":4101,"name":"Cleaning Supplies","hide":false,"dynamic":true,"parentId":4095,"displayOrder":6},{"__typename":"Category","id":3518,"name":"Club Soda","hide":false,"dynamic":false,"parentId":3443,"displayOrder":6},{"__typename":"Category","id":4033,"name":"Dairy","hide":false,"dynamic":true,"parentId":4026,"displayOrder":6},{"__typename":"Category","id":4516,"name":"Dairy","hide":false,"dynamic":true,"parentId":4265,"displayOrder":6},{"__typename":"Category","id":3956,"name":"Dairy","hide":false,"dynamic":true,"parentId":4759,"displayOrder":6},{"__typename":"Category","id":4034,"name":"Dairy","hide":false,"dynamic":true,"parentId":4257,"displayOrder":6},{"__typename":"Category","id":4625,"name":"Desserts","hide":false,"dynamic":true,"parentId":4619,"displayOrder":6},{"__typename":"Category","id":3848,"name":"Dressings \u0026 Dips","hide":false,"dynamic":true,"parentId":3841,"displayOrder":6},{"__typename":"Category","id":3943,"name":"Dressings \u0026 Dips","hide":false,"dynamic":true,"parentId":3934,"displayOrder":6},{"__typename":"Category","id":3913,"name":"Drinks","hide":false,"dynamic":true,"parentId":3898,"displayOrder":6},{"__typename":"Category","id":4014,"name":"Eggs","hide":false,"dynamic":true,"parentId":4008,"displayOrder":6},{"__typename":"Category","id":3455,"name":"Food Storage Bags","hide":false,"dynamic":false,"parentId":3332,"displayOrder":6},{"__typename":"Category","id":3874,"name":"For the Fryer","hide":false,"dynamic":true,"parentId":3867,"displayOrder":6},{"__typename":"Category","id":3941,"name":"Fresh from the Meat Locker","hide":false,"dynamic":true,"parentId":3936,"displayOrder":6},{"__typename":"Category","id":3837,"name":"Fresh Produce","hide":false,"dynamic":true,"parentId":3824,"displayOrder":6},{"__typename":"Category","id":3822,"name":"From the Meat Locker","hide":false,"dynamic":true,"parentId":3813,"displayOrder":6},{"__typename":"Category","id":3958,"name":"From the Pantry","hide":false,"dynamic":true,"parentId":3951,"displayOrder":6},{"__typename":"Category","id":3342,"name":"Fruit","hide":false,"dynamic":false,"parentId":3330,"displayOrder":6},{"__typename":"Category","id":3550,"name":"Fuel \u0026 Batteries \u0026 Charcoal","hide":false,"dynamic":false,"parentId":3446,"displayOrder":6},{"__typename":"Category","id":3536,"name":"Italian Meats","hide":false,"dynamic":false,"parentId":3482,"displayOrder":6},{"__typename":"Category","id":3604,"name":"Meat \u0026 Seafood","hide":false,"dynamic":true,"parentId":3582,"displayOrder":6},{"__typename":"Category","id":3507,"name":"Milk","hide":false,"dynamic":false,"parentId":3456,"displayOrder":6},{"__typename":"Category","id":3778,"name":"Oil","hide":false,"dynamic":true,"parentId":3779,"displayOrder":6},{"__typename":"Category","id":4313,"name":"Organic Fresh Produce","hide":false,"dynamic":true,"parentId":4310,"displayOrder":6},{"__typename":"Category","id":3411,"name":"Oven \u0026 Grill","hide":false,"dynamic":false,"parentId":3392,"displayOrder":6},{"__typename":"Category","id":4616,"name":"Plant Based","hide":false,"dynamic":true,"parentId":4666,"displayOrder":6},{"__typename":"Category","id":3314,"name":"Potatoes","hide":false,"dynamic":false,"parentId":3311,"displayOrder":6},{"__typename":"Category","id":3525,"name":"Shredded Cheese","hide":false,"dynamic":false,"parentId":3365,"displayOrder":6},{"__typename":"Category","id":3371,"name":"Shrimp (Raw)","hide":false,"dynamic":false,"parentId":3367,"displayOrder":6},{"__typename":"Category","id":4335,"name":"Simplot Vegetables","hide":false,"dynamic":true,"parentId":4330,"displayOrder":6},{"__typename":"Category","id":3480,"name":"Apples","hide":false,"dynamic":false,"parentId":3363,"displayOrder":7},{"__typename":"Category","id":4549,"name":"Beverages","hide":false,"dynamic":true,"parentId":4265,"displayOrder":7},{"__typename":"Category","id":3618,"name":"Beverages","hide":false,"dynamic":true,"parentId":3617,"displayOrder":7},{"__typename":"Category","id":3519,"name":"Butter \u0026 Margarine","hide":false,"dynamic":false,"parentId":3456,"displayOrder":7},{"__typename":"Category","id":3428,"name":"Canned Goods","hide":false,"dynamic":false,"parentId":3373,"displayOrder":7},{"__typename":"Category","id":4190,"name":"Cheese","hide":false,"dynamic":true,"parentId":4181,"displayOrder":7},{"__typename":"Category","id":3766,"name":"Chicken - Ground","hide":false,"dynamic":false,"parentId":3307,"displayOrder":7},{"__typename":"Category","id":3512,"name":"Coconut Water","hide":false,"dynamic":false,"parentId":3443,"displayOrder":7},{"__typename":"Category","id":4401,"name":"Compostable Carry Out V2","hide":false,"dynamic":true,"parentId":4399,"displayOrder":7},{"__typename":"Category","id":4130,"name":"Condiments \u0026 Dressings","hide":false,"dynamic":true,"parentId":4102,"displayOrder":7},{"__typename":"Category","id":4104,"name":"Condiments \u0026 Sauces","hide":false,"dynamic":true,"parentId":4095,"displayOrder":7},{"__typename":"Category","id":3692,"name":"Cookies (Ready to Eat)","hide":false,"dynamic":false,"parentId":3486,"displayOrder":7},{"__typename":"Category","id":4517,"name":"Cottage Cheese","hide":false,"dynamic":false,"parentId":3365,"displayOrder":7},{"__typename":"Category","id":4013,"name":"Dairy","hide":false,"dynamic":true,"parentId":4008,"displayOrder":7},{"__typename":"Category","id":3456,"name":"Dairy","hide":false,"dynamic":false,"parentId":null,"displayOrder":7},{"__typename":"Category","id":3858,"name":"Drinks","hide":false,"dynamic":true,"parentId":3841,"displayOrder":7},{"__typename":"Category","id":3995,"name":"Drinks","hide":false,"dynamic":true,"parentId":3934,"displayOrder":7},{"__typename":"Category","id":3833,"name":"Dry Grocery","hide":false,"dynamic":true,"parentId":3824,"displayOrder":7},{"__typename":"Category","id":4043,"name":"Eggs","hide":false,"dynamic":true,"parentId":4026,"displayOrder":7},{"__typename":"Category","id":4044,"name":"Eggs","hide":false,"dynamic":true,"parentId":4257,"displayOrder":7},{"__typename":"Category","id":3336,"name":"Food Wrap","hide":false,"dynamic":false,"parentId":3332,"displayOrder":7},{"__typename":"Category","id":3875,"name":"Fresh from the Farm","hide":false,"dynamic":true,"parentId":3867,"displayOrder":7},{"__typename":"Category","id":3905,"name":"Fresh from the Farm","hide":false,"dynamic":true,"parentId":3898,"displayOrder":7},{"__typename":"Category","id":3960,"name":"From the Freezer","hide":false,"dynamic":true,"parentId":3951,"displayOrder":7},{"__typename":"Category","id":3823,"name":"From the Pantry","hide":false,"dynamic":true,"parentId":3813,"displayOrder":7},{"__typename":"Category","id":3549,"name":"Ice","hide":false,"dynamic":false,"parentId":3330,"displayOrder":7},{"__typename":"Category","id":3946,"name":"Keeping it Clean","hide":false,"dynamic":true,"parentId":3936,"displayOrder":7},{"__typename":"Category","id":3628,"name":"Pantry \u0026 Snacks","hide":false,"dynamic":true,"parentId":3582,"displayOrder":7},{"__typename":"Category","id":4624,"name":"Produce","hide":false,"dynamic":true,"parentId":4619,"displayOrder":7},{"__typename":"Category","id":3552,"name":"Register Tape \u0026 Labels","hide":false,"dynamic":false,"parentId":3446,"displayOrder":7},{"__typename":"Category","id":3319,"name":"Root Vegetables","hide":false,"dynamic":false,"parentId":3311,"displayOrder":7},{"__typename":"Category","id":4611,"name":"Simplot Products","hide":false,"dynamic":true,"parentId":4330,"displayOrder":7},{"__typename":"Category","id":3413,"name":"Sponges \u0026 Scrubbers","hide":false,"dynamic":false,"parentId":3392,"displayOrder":7},{"__typename":"Category","id":3372,"name":"Squid, Calamari, Octupus","hide":false,"dynamic":false,"parentId":3367,"displayOrder":7},{"__typename":"Category","id":4618,"name":"To-Go Packaging","hide":false,"dynamic":true,"parentId":4666,"displayOrder":7},{"__typename":"Category","id":3484,"name":"Berries","hide":false,"dynamic":false,"parentId":3363,"displayOrder":8},{"__typename":"Category","id":3419,"name":"Canned Peppers","hide":false,"dynamic":false,"parentId":3373,"displayOrder":8},{"__typename":"Category","id":3366,"name":"Cheese Loaf","hide":false,"dynamic":false,"parentId":3365,"displayOrder":8},{"__typename":"Category","id":4191,"name":"Cleaning Supplies","hide":false,"dynamic":true,"parentId":4181,"displayOrder":8},{"__typename":"Category","id":3517,"name":"Coffee (Ready to Drink)","hide":false,"dynamic":false,"parentId":3443,"displayOrder":8},{"__typename":"Category","id":3619,"name":"Dairy","hide":false,"dynamic":true,"parentId":3617,"displayOrder":8},{"__typename":"Category","id":4105,"name":"Dairy","hide":false,"dynamic":true,"parentId":4095,"displayOrder":8},{"__typename":"Category","id":5429,"name":"Flatware","hide":false,"dynamic":false,"parentId":4399,"displayOrder":8},{"__typename":"Category","id":4049,"name":"Flour","hide":false,"dynamic":true,"parentId":4026,"displayOrder":8},{"__typename":"Category","id":4050,"name":"Flour","hide":false,"dynamic":true,"parentId":4257,"displayOrder":8},{"__typename":"Category","id":4015,"name":"Flour","hide":false,"dynamic":true,"parentId":4008,"displayOrder":8},{"__typename":"Category","id":3859,"name":"Food Storage Essentials","hide":false,"dynamic":true,"parentId":3841,"displayOrder":8},{"__typename":"Category","id":3944,"name":"For the Fryer","hide":false,"dynamic":true,"parentId":3934,"displayOrder":8},{"__typename":"Category","id":3878,"name":"From the Meat Locker","hide":false,"dynamic":true,"parentId":3867,"displayOrder":8},{"__typename":"Category","id":3826,"name":"Frozen Vegetables and Blends","hide":false,"dynamic":true,"parentId":3813,"displayOrder":8},{"__typename":"Category","id":3333,"name":"Hinged Containers","hide":false,"dynamic":false,"parentId":3332,"displayOrder":8},{"__typename":"Category","id":3543,"name":"Ice Cream","hide":false,"dynamic":false,"parentId":3330,"displayOrder":8},{"__typename":"Category","id":3843,"name":"Individual Portion Packs","hide":false,"dynamic":true,"parentId":3824,"displayOrder":8},{"__typename":"Category","id":3947,"name":"Keeping it Clean","hide":false,"dynamic":true,"parentId":4759,"displayOrder":8},{"__typename":"Category","id":3472,"name":"Linens \u0026 Textiles","hide":false,"dynamic":false,"parentId":3446,"displayOrder":8},{"__typename":"Category","id":3999,"name":"Making Some Dough","hide":false,"dynamic":true,"parentId":3936,"displayOrder":8},{"__typename":"Category","id":4062,"name":"Nuts","hide":false,"dynamic":true,"parentId":4057,"displayOrder":8},{"__typename":"Category","id":3631,"name":"Plant-Based","hide":false,"dynamic":true,"parentId":3582,"displayOrder":8},{"__typename":"Category","id":3740,"name":"Prepared Soup","hide":false,"dynamic":false,"parentId":3482,"displayOrder":8},{"__typename":"Category","id":3367,"name":"Seafood","hide":false,"dynamic":false,"parentId":null,"displayOrder":8},{"__typename":"Category","id":3742,"name":"Specialty Meats","hide":false,"dynamic":false,"parentId":3307,"displayOrder":8},{"__typename":"Category","id":4408,"name":"Specialty Snacks","hide":false,"dynamic":false,"parentId":3486,"displayOrder":8},{"__typename":"Category","id":4126,"name":"Tahini","hide":false,"dynamic":true,"parentId":4102,"displayOrder":8},{"__typename":"Category","id":3327,"name":"Tomatoes","hide":false,"dynamic":false,"parentId":3311,"displayOrder":8},{"__typename":"Category","id":3415,"name":"Trash Bags","hide":false,"dynamic":false,"parentId":3392,"displayOrder":8},{"__typename":"Category","id":4039,"name":"BBQ \u0026 Hot Sauce","hide":false,"dynamic":true,"parentId":4026,"displayOrder":9},{"__typename":"Category","id":3754,"name":"Beef - Rib","hide":false,"dynamic":false,"parentId":3307,"displayOrder":9},{"__typename":"Category","id":3429,"name":"Canned Tomatoes \u0026 Sauces","hide":false,"dynamic":false,"parentId":3373,"displayOrder":9},{"__typename":"Category","id":3844,"name":"Cleaning","hide":false,"dynamic":true,"parentId":3824,"displayOrder":9},{"__typename":"Category","id":3683,"name":"Cod","hide":false,"dynamic":false,"parentId":3367,"displayOrder":9},{"__typename":"Category","id":4192,"name":"Condiments, Dressings, \u0026 Dips","hide":false,"dynamic":true,"parentId":4181,"displayOrder":9},{"__typename":"Category","id":3397,"name":"Degreasers","hide":false,"dynamic":false,"parentId":3392,"displayOrder":9},{"__typename":"Category","id":4106,"name":"Eggs","hide":false,"dynamic":true,"parentId":4095,"displayOrder":9},{"__typename":"Category","id":4140,"name":"Eggs","hide":false,"dynamic":true,"parentId":4102,"displayOrder":9},{"__typename":"Category","id":3515,"name":"Energy Drinks","hide":false,"dynamic":false,"parentId":3443,"displayOrder":9},{"__typename":"Category","id":3860,"name":"For the Fryer","hide":false,"dynamic":true,"parentId":3841,"displayOrder":9},{"__typename":"Category","id":3985,"name":"Fresh from the Farm","hide":false,"dynamic":true,"parentId":3934,"displayOrder":9},{"__typename":"Category","id":3311,"name":"Fresh Vegetables","hide":false,"dynamic":false,"parentId":null,"displayOrder":9},{"__typename":"Category","id":3906,"name":"From the Meat Locker","hide":false,"dynamic":true,"parentId":3898,"displayOrder":9},{"__typename":"Category","id":3880,"name":"From the Pantry","hide":false,"dynamic":true,"parentId":3867,"displayOrder":9},{"__typename":"Category","id":4019,"name":"Hot Sauce","hide":false,"dynamic":true,"parentId":4257,"displayOrder":9},{"__typename":"Category","id":3827,"name":"Individual Portion Packs","hide":false,"dynamic":true,"parentId":3813,"displayOrder":9},{"__typename":"Category","id":3544,"name":"Juices","hide":false,"dynamic":false,"parentId":3330,"displayOrder":9},{"__typename":"Category","id":3321,"name":"Leafy Greens","hide":false,"dynamic":false,"parentId":3311,"displayOrder":9},{"__typename":"Category","id":4016,"name":"Napkins","hide":false,"dynamic":true,"parentId":4008,"displayOrder":9},{"__typename":"Category","id":3343,"name":"Napkins","hide":false,"dynamic":false,"parentId":3332,"displayOrder":9},{"__typename":"Category","id":3531,"name":"Prepared Foods","hide":false,"dynamic":false,"parentId":3482,"displayOrder":9},{"__typename":"Category","id":4276,"name":"Producer\'s Dairy","hide":false,"dynamic":true,"parentId":4268,"displayOrder":9},{"__typename":"Category","id":3629,"name":"Supplies \u0026 Equipment","hide":false,"dynamic":true,"parentId":3582,"displayOrder":9},{"__typename":"Category","id":3339,"name":"Beef","hide":false,"dynamic":false,"parentId":3330,"displayOrder":10},{"__typename":"Category","id":3764,"name":"Beef - Rounds","hide":false,"dynamic":false,"parentId":3307,"displayOrder":10},{"__typename":"Category","id":3597,"name":"Beverages","hide":false,"dynamic":true,"parentId":3582,"displayOrder":10},{"__typename":"Category","id":3433,"name":"Canned Vegetables","hide":false,"dynamic":false,"parentId":3373,"displayOrder":10},{"__typename":"Category","id":3320,"name":"Carrots \u0026 Celery","hide":false,"dynamic":false,"parentId":3311,"displayOrder":10},{"__typename":"Category","id":4193,"name":"Dairy","hide":false,"dynamic":true,"parentId":4181,"displayOrder":10},{"__typename":"Category","id":3398,"name":"Detergent","hide":false,"dynamic":false,"parentId":3392,"displayOrder":10},{"__typename":"Category","id":4141,"name":"Flour","hide":false,"dynamic":true,"parentId":4102,"displayOrder":10},{"__typename":"Category","id":4108,"name":"Flour","hide":false,"dynamic":true,"parentId":4095,"displayOrder":10},{"__typename":"Category","id":3849,"name":"Fresh from the Farm","hide":false,"dynamic":true,"parentId":3841,"displayOrder":10},{"__typename":"Category","id":3363,"name":"Fresh Fruit","hide":false,"dynamic":false,"parentId":null,"displayOrder":10},{"__typename":"Category","id":3444,"name":"Fresh Juices","hide":false,"dynamic":false,"parentId":3443,"displayOrder":10},{"__typename":"Category","id":3987,"name":"From the Meat Locker","hide":false,"dynamic":true,"parentId":3934,"displayOrder":10},{"__typename":"Category","id":3907,"name":"From the Pantry","hide":false,"dynamic":true,"parentId":3898,"displayOrder":10},{"__typename":"Category","id":3886,"name":"Individual Portion Packs","hide":false,"dynamic":true,"parentId":3867,"displayOrder":10},{"__typename":"Category","id":3828,"name":"Keeping it Clean","hide":false,"dynamic":true,"parentId":3813,"displayOrder":10},{"__typename":"Category","id":3621,"name":"Meat \u0026 Seafood","hide":false,"dynamic":true,"parentId":3617,"displayOrder":10},{"__typename":"Category","id":4036,"name":"Napkins \u0026 Paper Towels","hide":false,"dynamic":true,"parentId":4257,"displayOrder":10},{"__typename":"Category","id":4035,"name":"Napkins \u0026 Paper Towels","hide":false,"dynamic":true,"parentId":4026,"displayOrder":10},{"__typename":"Category","id":3350,"name":"Paper","hide":false,"dynamic":false,"parentId":3332,"displayOrder":10},{"__typename":"Category","id":3845,"name":"Pizza Flour","hide":false,"dynamic":true,"parentId":3824,"displayOrder":10},{"__typename":"Category","id":4547,"name":"Plant-Based","hide":false,"dynamic":true,"parentId":4265,"displayOrder":10},{"__typename":"Category","id":3685,"name":"Salmon","hide":false,"dynamic":false,"parentId":3367,"displayOrder":10},{"__typename":"Category","id":4424,"name":"Sliced Deli Meats","hide":false,"dynamic":false,"parentId":3482,"displayOrder":10},{"__typename":"Category","id":4277,"name":"Smithfield Foods","hide":false,"dynamic":true,"parentId":4268,"displayOrder":10},{"__typename":"Category","id":3991,"name":"Spice Rack","hide":false,"dynamic":true,"parentId":3936,"displayOrder":10},{"__typename":"Category","id":4025,"name":"Spices","hide":false,"dynamic":true,"parentId":4008,"displayOrder":10},{"__typename":"Category","id":3996,"name":"Tomato Products","hide":false,"dynamic":true,"parentId":4759,"displayOrder":10},{"__typename":"Category","id":3452,"name":"Bakery","hide":false,"dynamic":false,"parentId":null,"displayOrder":11},{"__typename":"Category","id":3756,"name":"Beef - Brisket","hide":false,"dynamic":false,"parentId":3307,"displayOrder":11},{"__typename":"Category","id":3434,"name":"Cereal \u0026 Granola","hide":false,"dynamic":false,"parentId":3373,"displayOrder":11},{"__typename":"Category","id":3445,"name":"Chicken","hide":false,"dynamic":false,"parentId":3330,"displayOrder":11},{"__typename":"Category","id":3695,"name":"Coffee \u0026 Tea","hide":false,"dynamic":false,"parentId":3443,"displayOrder":11},{"__typename":"Category","id":3317,"name":"Cucumbers","hide":false,"dynamic":false,"parentId":3311,"displayOrder":11},{"__typename":"Category","id":3399,"name":"Dish Soap","hide":false,"dynamic":false,"parentId":3392,"displayOrder":11},{"__typename":"Category","id":4194,"name":"Eggs","hide":false,"dynamic":true,"parentId":4181,"displayOrder":11},{"__typename":"Category","id":3962,"name":"For the Fryer","hide":false,"dynamic":true,"parentId":3961,"displayOrder":11},{"__typename":"Category","id":3854,"name":"From the Meat Locker","hide":false,"dynamic":true,"parentId":3841,"displayOrder":11},{"__typename":"Category","id":3935,"name":"From the Pantry","hide":false,"dynamic":true,"parentId":3934,"displayOrder":11},{"__typename":"Category","id":4548,"name":"Frozen","hide":false,"dynamic":true,"parentId":4265,"displayOrder":11},{"__typename":"Category","id":4020,"name":"Hot Sauce","hide":false,"dynamic":true,"parentId":4008,"displayOrder":11},{"__typename":"Category","id":3888,"name":"Keeping it Clean","hide":false,"dynamic":true,"parentId":3867,"displayOrder":11},{"__typename":"Category","id":3735,"name":"Kitchen Supplies","hide":false,"dynamic":false,"parentId":3446,"displayOrder":11},{"__typename":"Category","id":4278,"name":"Kronos and Grecian Delight","hide":false,"dynamic":true,"parentId":4268,"displayOrder":11},{"__typename":"Category","id":3353,"name":"Paper Bags","hide":false,"dynamic":false,"parentId":3332,"displayOrder":11},{"__typename":"Category","id":4037,"name":"Produce","hide":false,"dynamic":true,"parentId":4026,"displayOrder":11},{"__typename":"Category","id":3831,"name":"Rice and Grains","hide":false,"dynamic":true,"parentId":3813,"displayOrder":11},{"__typename":"Category","id":3847,"name":"Sauces \u0026 Tomatoes","hide":false,"dynamic":true,"parentId":3824,"displayOrder":11},{"__typename":"Category","id":3937,"name":"Takeout / Delivery Essentials","hide":false,"dynamic":true,"parentId":3936,"displayOrder":11},{"__typename":"Category","id":3686,"name":"Tilapia","hide":false,"dynamic":false,"parentId":3367,"displayOrder":11},{"__typename":"Category","id":3757,"name":"Beef - Ground","hide":false,"dynamic":false,"parentId":3307,"displayOrder":12},{"__typename":"Category","id":3716,"name":"Carry-Out Containers (Plastic)","hide":false,"dynamic":false,"parentId":3332,"displayOrder":12},{"__typename":"Category","id":4308,"name":"Compostable","hide":false,"dynamic":true,"parentId":3617,"displayOrder":12},{"__typename":"Category","id":3940,"name":"Dressings \u0026 Dips","hide":false,"dynamic":true,"parentId":4759,"displayOrder":12},{"__typename":"Category","id":3315,"name":"Eggplant \u0026 Squash","hide":false,"dynamic":false,"parentId":3311,"displayOrder":12},{"__typename":"Category","id":3400,"name":"Equipment","hide":false,"dynamic":false,"parentId":3392,"displayOrder":12},{"__typename":"Category","id":4195,"name":"Flour","hide":false,"dynamic":true,"parentId":4181,"displayOrder":12},{"__typename":"Category","id":3861,"name":"From the Pantry","hide":false,"dynamic":true,"parentId":3841,"displayOrder":12},{"__typename":"Category","id":3373,"name":"Grocery","hide":false,"dynamic":false,"parentId":null,"displayOrder":12},{"__typename":"Category","id":4109,"name":"Herbs","hide":false,"dynamic":true,"parentId":4095,"displayOrder":12},{"__typename":"Category","id":3916,"name":"Individual Portion Packs","hide":false,"dynamic":true,"parentId":3898,"displayOrder":12},{"__typename":"Category","id":3945,"name":"Keeping it Clean","hide":false,"dynamic":true,"parentId":3934,"displayOrder":12},{"__typename":"Category","id":4593,"name":"Pantry","hide":false,"dynamic":true,"parentId":4265,"displayOrder":12},{"__typename":"Category","id":3474,"name":"Paper Towels","hide":false,"dynamic":false,"parentId":3446,"displayOrder":12},{"__typename":"Category","id":3338,"name":"Pasta","hide":false,"dynamic":false,"parentId":3330,"displayOrder":12},{"__typename":"Category","id":3890,"name":"Sauces \u0026 Tomatoes","hide":false,"dynamic":true,"parentId":3867,"displayOrder":12},{"__typename":"Category","id":4279,"name":"Silva Sausage","hide":false,"dynamic":true,"parentId":4268,"displayOrder":12},{"__typename":"Category","id":4022,"name":"Soap","hide":false,"dynamic":true,"parentId":4008,"displayOrder":12},{"__typename":"Category","id":4042,"name":"Soap \u0026 Detergent","hide":false,"dynamic":true,"parentId":4026,"displayOrder":12},{"__typename":"Category","id":4024,"name":"Spices","hide":false,"dynamic":true,"parentId":4257,"displayOrder":12},{"__typename":"Category","id":3696,"name":"Syrups","hide":false,"dynamic":false,"parentId":3443,"displayOrder":12},{"__typename":"Category","id":3851,"name":"Take Out / Delivery Essentials","hide":false,"dynamic":true,"parentId":3824,"displayOrder":12},{"__typename":"Category","id":3832,"name":"Take Out / Delivery Essentials","hide":false,"dynamic":true,"parentId":3813,"displayOrder":12},{"__typename":"Category","id":3984,"name":"Thirst Quenchers","hide":false,"dynamic":true,"parentId":3936,"displayOrder":12},{"__typename":"Category","id":3687,"name":"Tuna","hide":false,"dynamic":false,"parentId":3367,"displayOrder":12},{"__typename":"Category","id":3498,"name":"Bag-in-Box Syrups","hide":false,"dynamic":false,"parentId":3443,"displayOrder":13},{"__typename":"Category","id":4592,"name":"Bakery","hide":false,"dynamic":true,"parentId":4265,"displayOrder":13},{"__typename":"Category","id":3780,"name":"Chicken - Wings \u0026 Drumsticks","hide":false,"dynamic":false,"parentId":3307,"displayOrder":13},{"__typename":"Category","id":4281,"name":"Deb El","hide":false,"dynamic":true,"parentId":4268,"displayOrder":13},{"__typename":"Category","id":3482,"name":"Deli","hide":false,"dynamic":false,"parentId":null,"displayOrder":13},{"__typename":"Category","id":3556,"name":"Dessert Toppings \u0026 Cones","hide":false,"dynamic":false,"parentId":3373,"displayOrder":13},{"__typename":"Category","id":4262,"name":"Disposables","hide":false,"dynamic":true,"parentId":3617,"displayOrder":13},{"__typename":"Category","id":3989,"name":"From the Pantry","hide":false,"dynamic":true,"parentId":3936,"displayOrder":13},{"__typename":"Category","id":3723,"name":"Gloves","hide":false,"dynamic":false,"parentId":3332,"displayOrder":13},{"__typename":"Category","id":4146,"name":"Herbs","hide":false,"dynamic":true,"parentId":4102,"displayOrder":13},{"__typename":"Category","id":3862,"name":"Individual Portion Packs","hide":false,"dynamic":true,"parentId":3841,"displayOrder":13},{"__typename":"Category","id":4110,"name":"Juice","hide":false,"dynamic":true,"parentId":4095,"displayOrder":13},{"__typename":"Category","id":3908,"name":"Keeping it Clean","hide":false,"dynamic":true,"parentId":3898,"displayOrder":13},{"__typename":"Category","id":4001,"name":"Making Some Dough","hide":false,"dynamic":true,"parentId":3934,"displayOrder":13},{"__typename":"Category","id":3359,"name":"Potatoes","hide":false,"dynamic":false,"parentId":3330,"displayOrder":13},{"__typename":"Category","id":3977,"name":"Sauces","hide":false,"dynamic":true,"parentId":3961,"displayOrder":13},{"__typename":"Category","id":4047,"name":"Spices","hide":false,"dynamic":true,"parentId":4026,"displayOrder":13},{"__typename":"Category","id":4046,"name":"Sugar","hide":false,"dynamic":true,"parentId":4008,"displayOrder":13},{"__typename":"Category","id":4045,"name":"Sugar","hide":false,"dynamic":true,"parentId":4257,"displayOrder":13},{"__typename":"Category","id":3892,"name":"Take Out / Delivery Essentials","hide":false,"dynamic":true,"parentId":3867,"displayOrder":13},{"__typename":"Category","id":3329,"name":"Avocado","hide":false,"dynamic":false,"parentId":3311,"displayOrder":14},{"__typename":"Category","id":3738,"name":"Breads \u0026 Bakery","hide":false,"dynamic":false,"parentId":3330,"displayOrder":14},{"__typename":"Category","id":4156,"name":"Canned Goods","hide":false,"dynamic":true,"parentId":4257,"displayOrder":14},{"__typename":"Category","id":3746,"name":"Chicken - Whole","hide":false,"dynamic":false,"parentId":3307,"displayOrder":14},{"__typename":"Category","id":3437,"name":"Dressings \u0026 Toppings","hide":false,"dynamic":false,"parentId":3373,"displayOrder":14},{"__typename":"Category","id":3942,"name":"From the Meat Locker","hide":false,"dynamic":true,"parentId":4759,"displayOrder":14},{"__typename":"Category","id":4147,"name":"Juice","hide":false,"dynamic":true,"parentId":4102,"displayOrder":14},{"__typename":"Category","id":3863,"name":"Keeping it Clean","hide":false,"dynamic":true,"parentId":3841,"displayOrder":14},{"__typename":"Category","id":4245,"name":"Mahi","hide":false,"dynamic":false,"parentId":3367,"displayOrder":14},{"__typename":"Category","id":4111,"name":"Meat \u0026 Poultry","hide":false,"dynamic":true,"parentId":4095,"displayOrder":14},{"__typename":"Category","id":4310,"name":"Organic Items","hide":false,"dynamic":false,"parentId":null,"displayOrder":14},{"__typename":"Category","id":3351,"name":"Pizza Boxes","hide":false,"dynamic":false,"parentId":3332,"displayOrder":14},{"__typename":"Category","id":4282,"name":"Rotella\'s","hide":false,"dynamic":true,"parentId":4268,"displayOrder":14},{"__typename":"Category","id":3731,"name":"Sanitizers \u0026 Disinfectant","hide":false,"dynamic":false,"parentId":3392,"displayOrder":14},{"__typename":"Category","id":3917,"name":"Sauces","hide":false,"dynamic":true,"parentId":3898,"displayOrder":14},{"__typename":"Category","id":3993,"name":"Spice Rack","hide":false,"dynamic":true,"parentId":3934,"displayOrder":14},{"__typename":"Category","id":4051,"name":"Sugar","hide":false,"dynamic":true,"parentId":4026,"displayOrder":14},{"__typename":"Category","id":3509,"name":"Tea (Ready to Drink)","hide":false,"dynamic":false,"parentId":3443,"displayOrder":14},{"__typename":"Category","id":4029,"name":"Tomato Products","hide":false,"dynamic":true,"parentId":4008,"displayOrder":14},{"__typename":"Category","id":3894,"name":"Tomato Products","hide":false,"dynamic":true,"parentId":3867,"displayOrder":14},{"__typename":"Category","id":4157,"name":"Bread","hide":false,"dynamic":true,"parentId":4026,"displayOrder":15},{"__typename":"Category","id":3316,"name":"Broccoli \u0026 Cauliflower","hide":false,"dynamic":false,"parentId":3311,"displayOrder":15},{"__typename":"Category","id":4158,"name":"Carry-out Essentials","hide":false,"dynamic":true,"parentId":4257,"displayOrder":15},{"__typename":"Category","id":4007,"name":"Chicken - Thighs \u0026 Leg Meat","hide":false,"dynamic":false,"parentId":3307,"displayOrder":15},{"__typename":"Category","id":4078,"name":"Condiments \u0026 Dressings","hide":false,"dynamic":true,"parentId":4008,"displayOrder":15},{"__typename":"Category","id":3983,"name":"Drinks","hide":false,"dynamic":true,"parentId":4759,"displayOrder":15},{"__typename":"Category","id":4307,"name":"Dry Grocery Items","hide":false,"dynamic":true,"parentId":3617,"displayOrder":15},{"__typename":"Category","id":4201,"name":"Herbs","hide":false,"dynamic":true,"parentId":4181,"displayOrder":15},{"__typename":"Category","id":3432,"name":"Hot Sauce \u0026 BBQ Sauce","hide":false,"dynamic":false,"parentId":3373,"displayOrder":15},{"__typename":"Category","id":3501,"name":"Juices","hide":false,"dynamic":false,"parentId":3443,"displayOrder":15},{"__typename":"Category","id":3307,"name":"Meat \u0026 Poultry","hide":false,"dynamic":false,"parentId":null,"displayOrder":15},{"__typename":"Category","id":4149,"name":"Meat \u0026 Poultry","hide":false,"dynamic":true,"parentId":4102,"displayOrder":15},{"__typename":"Category","id":4112,"name":"Napkins \u0026 Paper Towels","hide":false,"dynamic":true,"parentId":4095,"displayOrder":15},{"__typename":"Category","id":3893,"name":"Plant-Based Products","hide":false,"dynamic":true,"parentId":3841,"displayOrder":15},{"__typename":"Category","id":3358,"name":"Plastic Bags","hide":false,"dynamic":false,"parentId":3332,"displayOrder":15},{"__typename":"Category","id":3345,"name":"Prepared Foods","hide":false,"dynamic":false,"parentId":3330,"displayOrder":15},{"__typename":"Category","id":3948,"name":"Takeout / Delivery Essentials","hide":false,"dynamic":true,"parentId":3934,"displayOrder":15},{"__typename":"Category","id":3328,"name":"Cabbage","hide":false,"dynamic":false,"parentId":3311,"displayOrder":16},{"__typename":"Category","id":4137,"name":"Carry-out Essentials","hide":false,"dynamic":true,"parentId":4026,"displayOrder":16},{"__typename":"Category","id":3748,"name":"Chicken - Tenderloins","hide":false,"dynamic":false,"parentId":3307,"displayOrder":16},{"__typename":"Category","id":4159,"name":"Condiments \u0026 Dressings","hide":false,"dynamic":true,"parentId":4257,"displayOrder":16},{"__typename":"Category","id":3330,"name":"Frozen","hide":false,"dynamic":false,"parentId":null,"displayOrder":16},{"__typename":"Category","id":3420,"name":"Jams \u0026 Jellies","hide":false,"dynamic":false,"parentId":3373,"displayOrder":16},{"__typename":"Category","id":4198,"name":"Juice","hide":false,"dynamic":true,"parentId":4181,"displayOrder":16},{"__typename":"Category","id":4114,"name":"Napkins \u0026 Paper Towels","hide":false,"dynamic":true,"parentId":4102,"displayOrder":16},{"__typename":"Category","id":4113,"name":"Oil","hide":false,"dynamic":true,"parentId":4095,"displayOrder":16},{"__typename":"Category","id":3864,"name":"Sauces","hide":false,"dynamic":true,"parentId":3841,"displayOrder":16},{"__typename":"Category","id":3703,"name":"Single Service","hide":false,"dynamic":false,"parentId":3332,"displayOrder":16},{"__typename":"Category","id":3992,"name":"Spice Rack","hide":false,"dynamic":true,"parentId":4759,"displayOrder":16},{"__typename":"Category","id":3909,"name":"Take Out / Delivery Essentials","hide":false,"dynamic":true,"parentId":3898,"displayOrder":16},{"__typename":"Category","id":3443,"name":"Beverages","hide":false,"dynamic":false,"parentId":null,"displayOrder":17},{"__typename":"Category","id":3708,"name":"Bowls, Cups, Plates \u0026 Lids (Plastic)","hide":false,"dynamic":false,"parentId":3332,"displayOrder":17},{"__typename":"Category","id":4411,"name":"Bulk Ready to Use","hide":false,"dynamic":false,"parentId":3443,"displayOrder":17},{"__typename":"Category","id":3386,"name":"Butter \u0026 Pastes","hide":false,"dynamic":false,"parentId":3373,"displayOrder":17},{"__typename":"Category","id":3749,"name":"Chicken - Halal","hide":false,"dynamic":false,"parentId":3307,"displayOrder":17},{"__typename":"Category","id":4139,"name":"Condiments \u0026 Dressings","hide":false,"dynamic":true,"parentId":4026,"displayOrder":17},{"__typename":"Category","id":4080,"name":"Frozen ","hide":false,"dynamic":true,"parentId":4008,"displayOrder":17},{"__typename":"Category","id":3990,"name":"Frozen Vegetables","hide":false,"dynamic":true,"parentId":4759,"displayOrder":17},{"__typename":"Category","id":4202,"name":"Meat \u0026 Poultry","hide":false,"dynamic":true,"parentId":4181,"displayOrder":17},{"__typename":"Category","id":4152,"name":"Oil","hide":false,"dynamic":true,"parentId":4102,"displayOrder":17},{"__typename":"Category","id":3326,"name":"Other","hide":false,"dynamic":false,"parentId":3311,"displayOrder":17},{"__typename":"Category","id":4353,"name":"Pork","hide":false,"dynamic":false,"parentId":3330,"displayOrder":17},{"__typename":"Category","id":3865,"name":"Spice Rack","hide":false,"dynamic":true,"parentId":3841,"displayOrder":17},{"__typename":"Category","id":3976,"name":"Baking Ingredients","hide":false,"dynamic":true,"parentId":4759,"displayOrder":18},{"__typename":"Category","id":3751,"name":"Chicken - Nuggets \u0026 Cutlets","hide":false,"dynamic":false,"parentId":3307,"displayOrder":18},{"__typename":"Category","id":4626,"name":"Dried Pasta","hide":false,"dynamic":false,"parentId":3330,"displayOrder":18},{"__typename":"Category","id":3318,"name":"Ginger","hide":false,"dynamic":false,"parentId":3311,"displayOrder":18},{"__typename":"Category","id":4070,"name":"Herbs","hide":false,"dynamic":true,"parentId":4008,"displayOrder":18},{"__typename":"Category","id":4168,"name":"Herbs","hide":false,"dynamic":true,"parentId":4257,"displayOrder":18},{"__typename":"Category","id":3491,"name":"Juices","hide":false,"dynamic":false,"parentId":3373,"displayOrder":18},{"__typename":"Category","id":4203,"name":"Napkins \u0026 Paper Towels","hide":false,"dynamic":true,"parentId":4181,"displayOrder":18},{"__typename":"Category","id":4153,"name":"Other","hide":false,"dynamic":true,"parentId":4102,"displayOrder":18},{"__typename":"Category","id":4116,"name":"Produce","hide":false,"dynamic":true,"parentId":4095,"displayOrder":18},{"__typename":"Category","id":3446,"name":"Supplies","hide":false,"dynamic":false,"parentId":null,"displayOrder":18},{"__typename":"Category","id":3866,"name":"Take Out / Delivery Essentials","hide":false,"dynamic":true,"parentId":3841,"displayOrder":18},{"__typename":"Category","id":3710,"name":"Carry-Out Containers (Combo)","hide":false,"dynamic":false,"parentId":3332,"displayOrder":19},{"__typename":"Category","id":3752,"name":"Chicken - Breast","hide":false,"dynamic":false,"parentId":3307,"displayOrder":19},{"__typename":"Category","id":3332,"name":"Disposables","hide":false,"dynamic":false,"parentId":null,"displayOrder":19},{"__typename":"Category","id":4145,"name":"Herbs","hide":false,"dynamic":true,"parentId":4026,"displayOrder":19},{"__typename":"Category","id":4160,"name":"Juice","hide":false,"dynamic":true,"parentId":4257,"displayOrder":19},{"__typename":"Category","id":4081,"name":"Juice","hide":false,"dynamic":true,"parentId":4008,"displayOrder":19},{"__typename":"Category","id":3492,"name":"Milk Products","hide":false,"dynamic":false,"parentId":3373,"displayOrder":19},{"__typename":"Category","id":4204,"name":"Oil","hide":false,"dynamic":true,"parentId":4181,"displayOrder":19},{"__typename":"Category","id":4117,"name":"Produce","hide":false,"dynamic":true,"parentId":4102,"displayOrder":19},{"__typename":"Category","id":4351,"name":"Ready to Drink Other","hide":false,"dynamic":false,"parentId":3443,"displayOrder":19},{"__typename":"Category","id":4118,"name":"Rice","hide":false,"dynamic":true,"parentId":4095,"displayOrder":19},{"__typename":"Category","id":3755,"name":"Beef - Ball Tip","hide":false,"dynamic":false,"parentId":3307,"displayOrder":20},{"__typename":"Category","id":3392,"name":"Cleaning","hide":false,"dynamic":false,"parentId":null,"displayOrder":20},{"__typename":"Category","id":4399,"name":"Compostables","hide":false,"dynamic":false,"parentId":null,"displayOrder":20},{"__typename":"Category","id":3558,"name":"Dry Mixes","hide":false,"dynamic":false,"parentId":3373,"displayOrder":20},{"__typename":"Category","id":3714,"name":"Foam Containers","hide":false,"dynamic":false,"parentId":3332,"displayOrder":20},{"__typename":"Category","id":4161,"name":"Meat \u0026 Poultry","hide":false,"dynamic":true,"parentId":4257,"displayOrder":20},{"__typename":"Category","id":4119,"name":"Rice","hide":false,"dynamic":true,"parentId":4102,"displayOrder":20},{"__typename":"Category","id":4120,"name":"Soda","hide":false,"dynamic":true,"parentId":4095,"displayOrder":20},{"__typename":"Category","id":3743,"name":"Beef - Chucks","hide":false,"dynamic":false,"parentId":3307,"displayOrder":21},{"__typename":"Category","id":3718,"name":"Carry-Out Lids (Plastic)","hide":false,"dynamic":false,"parentId":3332,"displayOrder":21},{"__typename":"Category","id":4150,"name":"Meat \u0026 Poultry","hide":false,"dynamic":true,"parentId":4026,"displayOrder":21},{"__typename":"Category","id":3388,"name":"Nuts \u0026 Seeds","hide":false,"dynamic":false,"parentId":3373,"displayOrder":21},{"__typename":"Category","id":4172,"name":"Oil","hide":false,"dynamic":true,"parentId":4257,"displayOrder":21},{"__typename":"Category","id":4083,"name":"Peppers","hide":false,"dynamic":true,"parentId":4008,"displayOrder":21},{"__typename":"Category","id":4206,"name":"Produce","hide":false,"dynamic":true,"parentId":4181,"displayOrder":21},{"__typename":"Category","id":4121,"name":"Soda","hide":false,"dynamic":true,"parentId":4102,"displayOrder":21},{"__typename":"Category","id":4123,"name":"Spices","hide":false,"dynamic":true,"parentId":4095,"displayOrder":21},{"__typename":"Category","id":3753,"name":"Beef - Loins","hide":false,"dynamic":false,"parentId":3307,"displayOrder":22},{"__typename":"Category","id":4952,"name":"Chicken - Breast","hide":false,"dynamic":false,"parentId":3330,"displayOrder":22},{"__typename":"Category","id":3495,"name":"Oats","hide":false,"dynamic":false,"parentId":3373,"displayOrder":22},{"__typename":"Category","id":4151,"name":"Oil","hide":false,"dynamic":true,"parentId":4026,"displayOrder":22},{"__typename":"Category","id":3719,"name":"Portion \u0026 Souffle Cups \u0026 Lids","hide":false,"dynamic":false,"parentId":3332,"displayOrder":22},{"__typename":"Category","id":4084,"name":"Rice","hide":false,"dynamic":true,"parentId":4008,"displayOrder":22},{"__typename":"Category","id":3486,"name":"Snacks","hide":false,"dynamic":false,"parentId":null,"displayOrder":22},{"__typename":"Category","id":4122,"name":"Spices","hide":false,"dynamic":true,"parentId":4102,"displayOrder":22},{"__typename":"Category","id":4125,"name":"Sugar","hide":false,"dynamic":true,"parentId":4095,"displayOrder":22},{"__typename":"Category","id":3762,"name":"Beef - Other","hide":false,"dynamic":false,"parentId":3307,"displayOrder":23},{"__typename":"Category","id":3722,"name":"Foil Pans \u0026 Lids","hide":false,"dynamic":false,"parentId":3332,"displayOrder":23},{"__typename":"Category","id":3422,"name":"Oil \u0026 Vinegar","hide":false,"dynamic":false,"parentId":3373,"displayOrder":23},{"__typename":"Category","id":4163,"name":"Rice","hide":false,"dynamic":true,"parentId":4026,"displayOrder":23},{"__typename":"Category","id":4162,"name":"Rice","hide":false,"dynamic":true,"parentId":4257,"displayOrder":23},{"__typename":"Category","id":4208,"name":"Soap \u0026 Detergent","hide":false,"dynamic":true,"parentId":4181,"displayOrder":23},{"__typename":"Category","id":4085,"name":"Soda","hide":false,"dynamic":true,"parentId":4008,"displayOrder":23},{"__typename":"Category","id":4124,"name":"Sugar","hide":false,"dynamic":true,"parentId":4102,"displayOrder":23},{"__typename":"Category","id":4127,"name":"Tahini \u0026 Hummus","hide":false,"dynamic":true,"parentId":4095,"displayOrder":23},{"__typename":"Category","id":3725,"name":"Aprons, Bibs \u0026 Headwear","hide":false,"dynamic":false,"parentId":3332,"displayOrder":24},{"__typename":"Category","id":3421,"name":"Olives","hide":false,"dynamic":false,"parentId":3373,"displayOrder":24},{"__typename":"Category","id":4209,"name":"Soda","hide":false,"dynamic":true,"parentId":4181,"displayOrder":24},{"__typename":"Category","id":4154,"name":"Soda","hide":false,"dynamic":true,"parentId":4026,"displayOrder":24},{"__typename":"Category","id":4164,"name":"Soda","hide":false,"dynamic":true,"parentId":4257,"displayOrder":24},{"__typename":"Category","id":3348,"name":"Veal","hide":false,"dynamic":false,"parentId":3307,"displayOrder":24},{"__typename":"Category","id":4129,"name":"Vinegar","hide":false,"dynamic":true,"parentId":4095,"displayOrder":24},{"__typename":"Category","id":4086,"name":"Water","hide":false,"dynamic":true,"parentId":4008,"displayOrder":24},{"__typename":"Category","id":3758,"name":"Beef - Halal","hide":false,"dynamic":false,"parentId":3307,"displayOrder":25},{"__typename":"Category","id":3389,"name":"Dried Fruits","hide":false,"dynamic":false,"parentId":3373,"displayOrder":25},{"__typename":"Category","id":3727,"name":"Paper Trays","hide":false,"dynamic":false,"parentId":3332,"displayOrder":25},{"__typename":"Category","id":4210,"name":"Spices","hide":false,"dynamic":true,"parentId":4181,"displayOrder":25},{"__typename":"Category","id":4088,"name":"Tahini \u0026 Hummus","hide":false,"dynamic":true,"parentId":4008,"displayOrder":25},{"__typename":"Category","id":4166,"name":"Vinegar","hide":false,"dynamic":true,"parentId":4026,"displayOrder":25},{"__typename":"Category","id":4132,"name":"Water","hide":false,"dynamic":true,"parentId":4095,"displayOrder":25},{"__typename":"Category","id":4131,"name":"Water","hide":false,"dynamic":true,"parentId":4102,"displayOrder":25},{"__typename":"Category","id":3418,"name":"Dried Pasta","hide":false,"dynamic":false,"parentId":3373,"displayOrder":26},{"__typename":"Category","id":3760,"name":"Gyro Cones \u0026 Slices","hide":false,"dynamic":false,"parentId":3307,"displayOrder":26},{"__typename":"Category","id":3733,"name":"Picks \u0026 Skewers","hide":false,"dynamic":false,"parentId":3332,"displayOrder":26},{"__typename":"Category","id":4212,"name":"Sugar","hide":false,"dynamic":true,"parentId":4181,"displayOrder":26},{"__typename":"Category","id":4089,"name":"Vinegar","hide":false,"dynamic":true,"parentId":4008,"displayOrder":26},{"__typename":"Category","id":4167,"name":"Water","hide":false,"dynamic":true,"parentId":4257,"displayOrder":26},{"__typename":"Category","id":4155,"name":"Water","hide":false,"dynamic":true,"parentId":4026,"displayOrder":26},{"__typename":"Category","id":3761,"name":"Beef - Knuckle","hide":false,"dynamic":false,"parentId":3307,"displayOrder":27},{"__typename":"Category","id":4087,"name":"Carry-out Essentials","hide":false,"dynamic":true,"parentId":4008,"displayOrder":27},{"__typename":"Category","id":3430,"name":"Other","hide":false,"dynamic":false,"parentId":3373,"displayOrder":27},{"__typename":"Category","id":3734,"name":"Paper Plates","hide":false,"dynamic":false,"parentId":3332,"displayOrder":27},{"__typename":"Category","id":3763,"name":"Beef - Patties","hide":false,"dynamic":false,"parentId":3307,"displayOrder":28},{"__typename":"Category","id":3340,"name":"Carry Out Containers \u0026 Lids","hide":false,"dynamic":false,"parentId":3332,"displayOrder":28},{"__typename":"Category","id":4052,"name":"Cheese","hide":false,"dynamic":true,"parentId":4008,"displayOrder":28},{"__typename":"Category","id":3557,"name":"Rice, Beans, Grains","hide":false,"dynamic":false,"parentId":3373,"displayOrder":28},{"__typename":"Category","id":4213,"name":"Water","hide":false,"dynamic":true,"parentId":4181,"displayOrder":28},{"__typename":"Category","id":3765,"name":"Beef - Tri Tip","hide":false,"dynamic":false,"parentId":3307,"displayOrder":29},{"__typename":"Category","id":3435,"name":"Salad Dressings","hide":false,"dynamic":false,"parentId":3373,"displayOrder":29},{"__typename":"Category","id":4090,"name":"Salt","hide":false,"dynamic":true,"parentId":4008,"displayOrder":29},{"__typename":"Category","id":4689,"name":"Bacon","hide":false,"dynamic":false,"parentId":3307,"displayOrder":30},{"__typename":"Category","id":4091,"name":"Olives","hide":false,"dynamic":true,"parentId":4008,"displayOrder":30},{"__typename":"Category","id":3503,"name":"Salt \u0026 Pepper","hide":false,"dynamic":false,"parentId":3373,"displayOrder":30},{"__typename":"Category","id":3378,"name":"Sauces \u0026 Condiments","hide":false,"dynamic":false,"parentId":3373,"displayOrder":31},{"__typename":"Category","id":3341,"name":"Compostable Products","hide":false,"dynamic":false,"parentId":3332,"displayOrder":32},{"__typename":"Category","id":4629,"name":"Paper Towels","hide":false,"dynamic":false,"parentId":3332,"displayOrder":33},{"__typename":"Category","id":3436,"name":"Seasonings","hide":false,"dynamic":false,"parentId":3373,"displayOrder":33},{"__typename":"Category","id":3377,"name":"Single Service","hide":false,"dynamic":false,"parentId":3373,"displayOrder":33},{"__typename":"Category","id":4849,"name":"Glasses, Cups, Mugs","hide":false,"dynamic":false,"parentId":3332,"displayOrder":34},{"__typename":"Category","id":3426,"name":"Stocks, Broths \u0026 Bases","hide":false,"dynamic":false,"parentId":3373,"displayOrder":34},{"__typename":"Category","id":5051,"name":"Dinnerware","hide":false,"dynamic":false,"parentId":3332,"displayOrder":35},{"__typename":"Category","id":3427,"name":"Sugars, Sweeteners, Honey","hide":false,"dynamic":false,"parentId":3373,"displayOrder":35},{"__typename":"Category","id":5052,"name":"Storage Containers","hide":false,"dynamic":false,"parentId":3332,"displayOrder":36},{"__typename":"Category","id":3681,"name":"Tuna","hide":false,"dynamic":false,"parentId":3373,"displayOrder":36},{"__typename":"Category","id":3387,"name":"Flour \u0026 Corn Meal","hide":false,"dynamic":false,"parentId":3373,"displayOrder":37},{"__typename":"Category","id":3697,"name":"Condensed \u0026 Evaporated Milk","hide":false,"dynamic":false,"parentId":3373,"displayOrder":40},{"__typename":"Category","id":3698,"name":"Baking Mixes","hide":false,"dynamic":false,"parentId":3373,"displayOrder":41},{"__typename":"Category","id":3699,"name":"Breading \u0026 Batter","hide":false,"dynamic":false,"parentId":3373,"displayOrder":42},{"__typename":"Category","id":3701,"name":"Baking Cocoa \u0026 Chocolate","hide":false,"dynamic":false,"parentId":3373,"displayOrder":43},{"__typename":"Category","id":3700,"name":"Spices \u0026 Seasonings","hide":false,"dynamic":false,"parentId":3373,"displayOrder":44},{"__typename":"Category","id":3704,"name":"Mayonnaise","hide":false,"dynamic":false,"parentId":3373,"displayOrder":45},{"__typename":"Category","id":3705,"name":"Spreads \u0026 Dips","hide":false,"dynamic":false,"parentId":3373,"displayOrder":46},{"__typename":"Category","id":4596,"name":"Asian \u0026 Ethnic","hide":false,"dynamic":false,"parentId":3373,"displayOrder":47},{"__typename":"Category","id":5413,"name":"Cooking Wine","hide":false,"dynamic":false,"parentId":3373,"displayOrder":50},{"__typename":"Category","id":6095,"name":"Herbs and Spices","hide":false,"dynamic":false,"parentId":3373,"displayOrder":51}]}]}]}],["$","$L14",null,{"pl":"2","pr":"4","py":"4","area":"main","children":["$","$L4",null,{"parallelRouterKey":"children","segmentPath":["children","(shop)","children","(departments)","children"],"error":"$undefined","errorStyles":"$undefined","errorScripts":"$undefined","template":["$","$L6",null,{}],"templateStyles":"$undefined","templateScripts":"$undefined","notFound":"$undefined","forbidden":"$undefined","unauthorized":"$undefined"}]}]]\n',
            ]);
        </script>
        <next-route-announcer style="position: absolute"></next-route-announcer>
        <div class="chakra-portal">
            <div
                role="region"
                aria-live="polite"
                aria-label="Notifications-top"
                id="chakra-toast-manager-top"
                style="
                    position: fixed;
                    z-index: var(--toast-z-index, 5500);
                    pointer-events: none;
                    display: flex;
                    flex-direction: column;
                    margin: 0px auto;
                    top: env(safe-area-inset-top, 0px);
                    right: env(safe-area-inset-right, 0px);
                    left: env(safe-area-inset-left, 0px);
                "
            ></div>
            <div
                role="region"
                aria-live="polite"
                aria-label="Notifications-top-left"
                id="chakra-toast-manager-top-left"
                style="
                    position: fixed;
                    z-index: var(--toast-z-index, 5500);
                    pointer-events: none;
                    display: flex;
                    flex-direction: column;
                    top: env(safe-area-inset-top, 0px);
                    left: env(safe-area-inset-left, 0px);
                "
            ></div>
            <div
                role="region"
                aria-live="polite"
                aria-label="Notifications-top-right"
                id="chakra-toast-manager-top-right"
                style="
                    position: fixed;
                    z-index: var(--toast-z-index, 5500);
                    pointer-events: none;
                    display: flex;
                    flex-direction: column;
                    top: env(safe-area-inset-top, 0px);
                    right: env(safe-area-inset-right, 0px);
                "
            ></div>
            <div
                role="region"
                aria-live="polite"
                aria-label="Notifications-bottom-left"
                id="chakra-toast-manager-bottom-left"
                style="
                    position: fixed;
                    z-index: var(--toast-z-index, 5500);
                    pointer-events: none;
                    display: flex;
                    flex-direction: column;
                    bottom: env(safe-area-inset-bottom, 0px);
                    left: env(safe-area-inset-left, 0px);
                "
            ></div>
            <div
                role="region"
                aria-live="polite"
                aria-label="Notifications-bottom"
                id="chakra-toast-manager-bottom"
                style="
                    position: fixed;
                    z-index: var(--toast-z-index, 5500);
                    pointer-events: none;
                    display: flex;
                    flex-direction: column;
                    margin: 0px auto;
                    bottom: env(safe-area-inset-bottom, 0px);
                    right: env(safe-area-inset-right, 0px);
                    left: env(safe-area-inset-left, 0px);
                "
            ></div>
            <div
                role="region"
                aria-live="polite"
                aria-label="Notifications-bottom-right"
                id="chakra-toast-manager-bottom-right"
                style="
                    position: fixed;
                    z-index: var(--toast-z-index, 5500);
                    pointer-events: none;
                    display: flex;
                    flex-direction: column;
                    bottom: env(safe-area-inset-bottom, 0px);
                    right: env(safe-area-inset-right, 0px);
                "
            ></div>
        </div>
    </body>
    <chatgpt-sidebar data-gpts-theme="light"></chatgpt-sidebar>
</html>
