[
  {
    "url": "https://shop.kimelo.com/sku/cheese-mozzarella-wmlm-feather-shred-nb-45-lb-124254/124254",
    "title": "Cheese, Mozzarella, Wmlm, Feather Shred, Nb, 4/5 Lb - 124254",
    "brand": "North Beach",
    "sku": "124254",
    "upc": "124254",
    "image_urls": [
      "https://shop.kimelo.com/_next/image?url=https%3A%2F%2Fd3tlizm80tjdt4.cloudfront.net%2Fremote_images%2Fimage%2F2114%2Flarge%2F4dee849cad9d6cf6ae699ee48676465f81ceff9300ee219365.jpg&w=3840&q=60"
    ],
    "case_price": "",
    "each_price": "$53.98",
    "case_pack_size": "",
    "each_pack_size": "1 Item",
    "case_weight": "",
    "each_weight": "20 lbs",
    "case_dimensions": "",
    "each_dimensions": "L 1\" x W 1\" x H 1\"",
    "price_per_unit": "$2.70/LB",
    "category": [
      "Cheese",
      "Specialty Cheese"
    ],
    "related_items": [
      {
        "name": "",
        "brand": "",
        "price": "",
        "url": "https://shop.kimelo.com/sku/sauce-pizza-fully-prepared-with-cheese-610-123566/123566"
      },
      {
        "name": "",
        "brand": "",
        "price": "",
        "url": "https://shop.kimelo.com/sku/sausage-italian-garlic-bulk-45-lbs-123938/123938"
      }
    ],
    "others_you_may_like_urls": [
      "https://shop.kimelo.com/sku/cheese-feta-crumbles-president-25-lb-123341/123341",
      "https://shop.kimelo.com/sku/sauce-pizza-with-basil-full-red-610-can-123358/123358",
      "https://shop.kimelo.com/sku/cheese-mascarpone-tub-belgioioso-4-5-lb-107599/107599",
      "https://shop.kimelo.com/sku/cheese-mozzarella-fresh-ovoline-galbani-23-lb-123382/123382",
      "https://shop.kimelo.com/sku/cheese-mozzarella-fresh-loaf-sliced-61-lb-123535/123535",
      "https://shop.kimelo.com/sku/cheese-queso-fresco-casero-bulk-12-lbs-112596/112596",
      "https://shop.kimelo.com/sku/pepperoni-sliced-layflat-classic-124721/124721",
      "https://shop.kimelo.com/sku/cheese-feta-french-pail-valbreso-18-lb-avg-123797/123797",
      "https://shop.kimelo.com/sku/cheese-indian-paneer-bulk-fresh-loaf-4-109240/109240",
      "https://shop.kimelo.com/sku/cheese-mozzarella-fresh-loaf-thin-slice-61-lb-112545/112545"
    ],
    "image_description": "The cheese product depicted is finely shredded and has a pale, creamy white appearance. The shreds are thin, elongated, and have a slightly uneven shape, which is typical for shredded cheese. This texture can indicate a cheese that melts well, making it ideal for toppings on dishes such as pizza or casseroles.\n\nIn terms of texture, the shreds appear to be soft and slightly pliable, suggesting that the cheese is fresh rather than aged. The thin strands can also imply a moist quality, which is often associated with cheeses that have higher moisture content.\n\nVisually, there are no visible mold or rind characteristics, which suggests it is a processed cheese or a young cheese variety. This could be indicative of cheeses commonly used for melting, such as mozzarella or an Italian blend.\n\nOverall, the combination of the pale color, thin shreds, and soft texture all help identify this cheese as likely being a type that is mild, creamy, and suitable for melting applications."
  },
  {
    "url": "https://shop.kimelo.com/sku/cheese-american-120-slice-yellow-4-5-lb-103674/103674",
    "title": "Cheese, American, 120 Slice, Yellow, (4) 5 Lb - 103674",
    "brand": "Schreiber",
    "sku": "103674",
    "upc": "103674",
    "image_urls": [
      "https://shop.kimelo.com/_next/image?url=https%3A%2F%2Fd3tlizm80tjdt4.cloudfront.net%2Fimage%2F15196%2Fimage%2Flg-ccdbd02d1c7dbbf81495e73e21088efc.png&w=3840&q=60"
    ],
    "case_price": "$67.04",
    "each_price": "$16.76",
    "case_pack_size": "4 Eaches",
    "each_pack_size": "1 Item",
    "case_weight": "5.15 lbs",
    "each_weight": "1.2875 lbs",
    "case_dimensions": "L 1\" x W 1\" x H 1\"",
    "each_dimensions": "L 1\" x W 1\" x H 1\"",
    "price_per_unit": "$3.35/LB",
    "category": [
      "Cheese",
      "Sliced Cheese"
    ],
    "related_items": [
      {
        "name": "Cheese, Swiss, Sliced, Processed, 120 Ct, (4) 5 Lb - 100014",
        "brand": "Commodity Cheese",
        "price": "$19.47",
        "url": "https://shop.kimelo.com/sku/cheese-swiss-sliced-processed-120-ct-4-5-lb-100014/100014"
      }
    ],
    "others_you_may_like_urls": [
      "https://shop.kimelo.com/sku/cheese-provolone-sliced-8-15-lb-103601/103601",
      "https://shop.kimelo.com/sku/cheese-pecorino-romano-14-lb-124109/124109",
      "https://shop.kimelo.com/sku/cheese-monterey-jack-sliced-8-15-lb-103599/103599",
      "https://shop.kimelo.com/sku/cheese-halloumi-tradition-greek-import-4088-oz-124144/124144",
      "https://shop.kimelo.com/sku/bun-hamburger-brioche-45in-412-ct-frozen-110447/110447",
      "https://shop.kimelo.com/sku/cheese-monterey-jack-block-40-lb-avg-103562/103562",
      "https://shop.kimelo.com/sku/cheese-gruyere-imported-loaf-2-5-lb-108978/108978",
      "https://shop.kimelo.com/sku/cheese-paneer-gopi-1514-oz-124005/124005",
      "https://shop.kimelo.com/sku/cheese-swiss-sliced-8-15-lb-103602/103602",
      "https://shop.kimelo.com/sku/tomato-round-5x6-2-layer-25-lb-avg-101430/101430",
      "https://shop.kimelo.com/sku/cheese-cheddar-mild-loaf-8-5-lb-103670/103670",
      "https://shop.kimelo.com/sku/cheese-pepper-jack-loaf-8-103672/103672"
    ],
    "image_description": "This cheese product is labeled as \"American\" and is a type of pasteurized process cheese. Here\u2019s a detailed description based on typical characteristics:\n\n### Appearance:\n- **Color**: The cheese has a bright, yellow-orange hue, which is characteristic of American cheese.\n- **Packaging**: It is presented in a rectangular block, typically wrapped in a plastic covering that often has branding and nutritional information on it. \n\n### Texture:\n- **Consistency**: The texture is smooth and glossy, feeling somewhat firm yet pliable. It is easier to slice than many aged cheeses.\n- **Sliceability**: American cheese is known for its ability to melt smoothly, often used in sandwiches and burgers.\n\n### Visible Characteristics:\n- **Slice Count**: The package indicates it contains 120 slices, suggesting that the cheese is pre-sliced for convenience.\n- **Surface**: The block may have some visible sheen due to its processed nature, with smooth edges where cuts have been made.\n- **Flexibility**: When manipulated, individual slices can bend without breaking, another hallmark of processed cheese.\n\nOverall, this American cheese product is designed for easy use in various dishes, particularly those that benefit from its melting properties."
  },
  {
    "url": "https://shop.kimelo.com/sku/cheese-cheddar-shredded-fancy-mild-4-106832/106832",
    "title": "Cheese, Cheddar, Shredded, Fancy, Mild, (4) - 106832",
    "brand": "Cheswick",
    "sku": "106832",
    "upc": "106832",
    "image_urls": [
      "https://shop.kimelo.com/_next/image?url=https%3A%2F%2Fd3tlizm80tjdt4.cloudfront.net%2Fimage%2F3523%2Fimage%2Flg-90fd6ac8b80a54f0d88d5efcfa684530.jpg&w=3840&q=60",
      "https://shop.kimelo.com/_next/image?url=https%3A%2F%2Fd3tlizm80tjdt4.cloudfront.net%2Fimage%2F15193%2Fimage%2Flg-f91e5365097700b7f1a0e2a80e51be11.png&w=3840&q=60",
      "https://shop.kimelo.com/_next/image?url=https%3A%2F%2Fd3tlizm80tjdt4.cloudfront.net%2Fimage%2F11508%2Fimage%2Flg-8d9b52fb082b69cb158e8ac6ea5d9633.jpeg&w=3840&q=60"
    ],
    "case_price": "$65.84",
    "each_price": "$16.46",
    "case_pack_size": "4 Eaches",
    "each_pack_size": "1 Item",
    "case_weight": "5 lbs",
    "each_weight": "1.25 lbs",
    "case_dimensions": "L 1\" x W 1\" x H 1\"",
    "each_dimensions": "L 1\" x W 1\" x H 1\"",
    "price_per_unit": "$3.29/LB",
    "category": [
      "Cheese",
      "Shredded Cheese"
    ],
    "related_items": [
      {
        "name": "Cheese, Cheddar, Mild, Sliced, (8) - 103600",
        "brand": "California Select Farms",
        "price": "$6.89",
        "url": "https://shop.kimelo.com/sku/cheese-cheddar-mild-sliced-8-103600/103600"
      },
      {
        "name": "Cheese, Cheddar, Mild, Loaf, (8) 5 Lb - 103670",
        "brand": "Cheswick",
        "price": "$16.99",
        "url": "https://shop.kimelo.com/sku/cheese-cheddar-mild-loaf-8-5-lb-103670/103670"
      }
    ],
    "others_you_may_like_urls": [
      "https://shop.kimelo.com/sku/cheese-monterey-jack-shredded-fancy-4-5-lb-108930/108930",
      "https://shop.kimelo.com/sku/cheese-monterey-jack-loaf-2-5-lb-107600/107600",
      "https://shop.kimelo.com/sku/cheese-cheddar-sharp-slcd-interleaf-075-oz-8-103603/103603",
      "https://shop.kimelo.com/sku/cheese-gruyere-imported-loaf-2-5-lb-108978/108978",
      "https://shop.kimelo.com/sku/cheese-swiss-sliced-8-15-lb-103602/103602",
      "https://shop.kimelo.com/sku/cheese-blend-mozz-wm-ps-premio-shred-65-lb-112492/112492",
      "https://shop.kimelo.com/sku/cheese-monterey-jack-block-40-lb-avg-103562/103562",
      "https://shop.kimelo.com/sku/cheese-asiago-shredded-6-5-lb-111711/111711",
      "https://shop.kimelo.com/sku/cheese-provolone-sliced-8-15-lb-103601/103601",
      "https://shop.kimelo.com/sku/cheese-5-blend-moz-wmlmlmpsprovparmroma-65-lb-123784/123784",
      "https://shop.kimelo.com/sku/cheese-cream-loaf-philadelphia-6-3-lb-103663/103663",
      "https://shop.kimelo.com/sku/cheese-cheddar-medium-loaf-2-5lb-106815/106815",
      "https://shop.kimelo.com/sku/cheese-monterey-jack-sliced-8-15-lb-103599/103599",
      "https://shop.kimelo.com/sku/cheese-pepper-jack-loaf-8-103672/103672",
      "https://shop.kimelo.com/sku/cheese-shredded-jack-cheddar-blend-fancy-4-5-lb-103664/103664",
      "https://shop.kimelo.com/sku/cheese-pepperjack-feather-shred-45-lb-123794/123794",
      "https://shop.kimelo.com/sku/cheese-parmesan-shaved-4-5-lb-106816/106816"
    ],
    "image_description": "The cheese product in question appears to be shredded cheese, likely a form of cheddar, given its characteristic orange coloration. Here\u2019s a detailed description:\n\n### Appearance\n- **Color:** A bright, vibrant orange hue.\n- **Form:** Shredded into fine strands, which help it melt and blend easily into various dishes.\n- **Packaging:** Typically found in a clear plastic bag, allowing the product to be visible while being protected from contamination.\n\n### Texture\n- **Feel:** The shredded strands are soft and flexible, with a slightly oily surface due to the natural fats present in cheese.\n- **Consistency:** Light and airy, as the individual strands are not densely packed together, making it easy to sprinkle or measure out.\n\n### Identifying Characteristics\n- **Strand Length:** The shreds are usually short, consistent in size, and can vary from fine to medium thickness, depending on the brand.\n- **Moisture Content:** It may have a slightly moist sheen but should not appear wet or clumpy.\n\nThis type of cheese is commonly used for melting in dishes like nachos, casseroles, pizzas, or for topping salads and soups. Its distinctive orange color and texture are significant indicators of its cheddar origin."
  },
  {
    "url": "https://shop.kimelo.com/sku/cheese-cheddar-mild-sliced-8-103600/103600",
    "title": "Cheese, Cheddar, Mild, Sliced, (8) - 103600",
    "brand": "California Select Farms",
    "sku": "103600",
    "upc": "103600",
    "image_urls": [
      "https://shop.kimelo.com/_next/image?url=https%3A%2F%2Fd3tlizm80tjdt4.cloudfront.net%2Fimage%2F8965%2Fimage%2Flg-2c439c61f5634bb8614026bdbaa6c447.jpeg&w=3840&q=60"
    ],
    "case_price": "$55.12",
    "each_price": "$6.89",
    "case_pack_size": "8 Eaches",
    "each_pack_size": "1 Item",
    "case_weight": "1.5 lbs",
    "each_weight": "0.1875 lbs",
    "case_dimensions": "L 1\" x W 1\" x H 1\"",
    "each_dimensions": "L 1\" x W 1\" x H 1\"",
    "price_per_unit": "$4.59/LB",
    "category": [
      "Cheese",
      "Sliced Cheese"
    ],
    "related_items": [
      {
        "name": "Cheese, Cheddar, Sharp, Slcd, Interleaf, 0.75 Oz, (8) 103603",
        "brand": "California Select Farms",
        "price": "$9.56",
        "url": "https://shop.kimelo.com/sku/cheese-cheddar-sharp-slcd-interleaf-075-oz-8-103603/103603"
      },
      {
        "name": "Cheese, Cheddar, Shredded, Fancy, Mild, (4) - 106832",
        "brand": "Cheswick",
        "price": "$16.46",
        "url": "https://shop.kimelo.com/sku/cheese-cheddar-shredded-fancy-mild-4-106832/106832"
      }
    ],
    "others_you_may_like_urls": [
      "https://shop.kimelo.com/sku/cheese-cheddar-mild-loaf-8-5-lb-103670/103670",
      "https://shop.kimelo.com/sku/cheese-pecorino-romano-14-lb-124109/124109",
      "https://shop.kimelo.com/sku/cheese-pepper-jack-loaf-8-103672/103672",
      "https://shop.kimelo.com/sku/cheese-swiss-sliced-processed-120-ct-4-5-lb-100014/100014",
      "https://shop.kimelo.com/sku/cheese-swiss-sliced-8-15-lb-103602/103602",
      "https://shop.kimelo.com/sku/cheese-gruyere-imported-loaf-2-5-lb-108978/108978",
      "https://shop.kimelo.com/sku/cheese-halloumi-tradition-greek-import-4088-oz-124144/124144",
      "https://shop.kimelo.com/sku/cheese-monterey-jack-sliced-8-15-lb-103599/103599",
      "https://shop.kimelo.com/sku/cheese-american-120-slice-yellow-4-5-lb-103674/103674",
      "https://shop.kimelo.com/sku/cheese-cream-loaf-philadelphia-6-3-lb-103663/103663",
      "https://shop.kimelo.com/sku/cheese-provolone-sliced-8-15-lb-103601/103601",
      "https://shop.kimelo.com/sku/cheese-paneer-gopi-1514-oz-124005/124005",
      "https://shop.kimelo.com/sku/cheese-jack-pepper-sliced-8-15-lb-124829/124829",
      "https://shop.kimelo.com/sku/cheese-cheddar-medium-loaf-2-5lb-106815/106815"
    ],
    "image_description": "The cheese product in the image is identified as \"Mild Cheddar Cheese.\" \n\n### Appearance:\n- **Color:** The cheese has a vibrant yellow-orange hue, typical of mild cheddar varieties.\n- **Shape:** It is packaged in rectangular slices, showcasing uniformity in size and thickness.\n- **Packaging:** The product is enclosed in clear plastic, allowing visibility of the cheese inside, with a prominent label that describes the cheese.\n\n### Texture:\n- **Feel:** The slices appear smooth and somewhat glossy, indicating a semi-firm texture.\n- **Consistency:** When cut or broken, mild cheddar tends to have a slightly creamy mouthfeel, making it easy to melt.\n\n### Identifying Characteristics:\n- **Edges:** The edges of the slices are cleanly cut and straight, suggesting careful production.\n- **Label Details:** The packaging mentions \"Select Farms,\" and the indication of it being \"sliced\" is helpful for consumers looking for convenience.\n\nThis combination of visual and textural characteristics aligns with what is typically expected from mild cheddar cheese."
  },
  {
    "url": "https://shop.kimelo.com/sku/cheese-parmesan-grated-imported-4-5-lb-111522/111522",
    "title": "Cheese, Parmesan, Grated, Imported, (4) 5 Lb - 111522",
    "brand": "Galbani",
    "sku": "111522",
    "upc": "111522",
    "image_urls": [
      "https://shop.kimelo.com/_next/image?url=https%3A%2F%2Fd3tlizm80tjdt4.cloudfront.net%2Fimage%2F10794%2Fimage%2Flg-618f90d84d902bbb4115a3d709264c93.png&w=3840&q=60"
    ],
    "case_price": "$120.72",
    "each_price": "$30.18",
    "case_pack_size": "4 Eaches",
    "each_pack_size": "1 Item",
    "case_weight": "5 lbs",
    "each_weight": "1.25 lbs",
    "case_dimensions": "L 1\" x W 1\" x H 1\"",
    "each_dimensions": "L 1\" x W 1\" x H 1\"",
    "price_per_unit": "$6.04/LB",
    "category": [
      "Cheese",
      "Crumbled, Cubed, Grated, Shaved"
    ],
    "related_items": [
      {
        "name": "Cheese, Parmesan, Shaved, (4) 5 Lb - 106816",
        "brand": "Galbani",
        "price": "$26.44",
        "url": "https://shop.kimelo.com/sku/cheese-parmesan-shaved-4-5-lb-106816/106816"
      },
      {
        "name": "Cheese, Parmesan, Wheel, Usa, 20 Lb Avg - 112306",
        "brand": "Galbani",
        "price": "$111.67",
        "url": "https://shop.kimelo.com/sku/cheese-parmesan-wheel-usa-20-lb-avg-112306/112306"
      }
    ],
    "others_you_may_like_urls": [
      "https://shop.kimelo.com/sku/cheese-gorgonzola-crumbles-86464-2-5-lb-107598/107598"
    ],
    "image_description": "The cheese product in question is finely grated Parmesan cheese, specifically from the brand Galbani. \n\n### Appearance:\nThe cheese has a light beige to pale yellow color, typical of Parmesan varieties. It is finely grated, resulting in small, irregularly shaped particles that closely resemble powder or coarse sand. This consistency allows it to dissolve well when mixed with dishes or used as a topping.\n\n### Texture:\nThe texture is dry and somewhat grainy, which is characteristic of finely grated cheeses. It does not clump together significantly, thanks to its fine granulation, making it easy to sprinkle or mix into foods.\n\n### Visible Characteristics:\n- **Packaging**: The cheese is presented in a transparent plastic bag with a prominent label. The label notes that it is \"Finely Grated Parmesan Cheese.\"\n- **Nutritional Information**: There's detailed nutritional information provided, including calorie count and serving size, which is often useful for those monitoring dietary intake.\n- **Ingredients**: The label typically includes Parmesan cheese as a primary ingredient. It may also contain anti-caking agents to prevent clumping.\n\nThis product is often used in Italian cuisine, enhancing the flavor of pasta, salads, and various baked dishes. Its fine texture ensures even distribution in meals."
  },
  {
    "url": "https://shop.kimelo.com/sku/cheese-parmesan-shaved-4-5-lb-106816/106816",
    "title": "Cheese, Parmesan, Shaved, (4) 5 Lb - 106816",
    "brand": "Galbani",
    "sku": "106816",
    "upc": "106816",
    "image_urls": [
      "https://shop.kimelo.com/_next/image?url=https%3A%2F%2Fd3tlizm80tjdt4.cloudfront.net%2Fimage%2F2865%2Fimage%2Flg-6b1c2aa042c05d5f96842ec63a5e8707.jpg&w=3840&q=60"
    ],
    "case_price": "$105.76",
    "each_price": "$26.44",
    "case_pack_size": "4 Eaches",
    "each_pack_size": "1 Item",
    "case_weight": "5 lbs",
    "each_weight": "1.25 lbs",
    "case_dimensions": "L 1\" x W 1\" x H 1\"",
    "each_dimensions": "L 1\" x W 1\" x H 1\"",
    "price_per_unit": "$5.29/LB",
    "category": [
      "Cheese",
      "Crumbled, Cubed, Grated, Shaved"
    ],
    "related_items": [
      {
        "name": "Cheese, Parmesan, Wheel, Usa, 20 Lb Avg - 112306",
        "brand": "Galbani",
        "price": "$111.67",
        "url": "https://shop.kimelo.com/sku/cheese-parmesan-wheel-usa-20-lb-avg-112306/112306"
      },
      {
        "name": "Cheese, Parmesan, Grated, Imported, (4) 5 Lb - 111522",
        "brand": "Galbani",
        "price": "$30.18",
        "url": "https://shop.kimelo.com/sku/cheese-parmesan-grated-imported-4-5-lb-111522/111522"
      }
    ],
    "others_you_may_like_urls": [
      "https://shop.kimelo.com/sku/cheese-cheddar-shredded-fancy-mild-4-106832/106832",
      "https://shop.kimelo.com/sku/cheese-cheddar-sharp-slcd-interleaf-075-oz-8-103603/103603",
      "https://shop.kimelo.com/sku/cheese-blend-mozz-wm-ps-premio-shred-65-lb-112492/112492",
      "https://shop.kimelo.com/sku/appetizer-mozzarella-sticks-breaded-italian-43-lb-110439/110439",
      "https://shop.kimelo.com/sku/cheese-swiss-sliced-8-15-lb-103602/103602",
      "https://shop.kimelo.com/sku/cheese-gorgonzola-crumbles-86464-2-5-lb-107598/107598",
      "https://shop.kimelo.com/sku/cheese-monterey-jack-sliced-8-15-lb-103599/103599",
      "https://shop.kimelo.com/sku/cheese-monterey-jack-block-40-lb-avg-103562/103562",
      "https://shop.kimelo.com/sku/cheese-cheddar-mild-loaf-8-5-lb-103670/103670",
      "https://shop.kimelo.com/sku/cheese-pepper-jack-loaf-8-103672/103672",
      "https://shop.kimelo.com/sku/cheese-cheddar-mild-sliced-8-103600/103600",
      "https://shop.kimelo.com/sku/cheese-provolone-sliced-8-15-lb-103601/103601",
      "https://shop.kimelo.com/sku/cheese-cheddar-medium-loaf-2-5lb-106815/106815",
      "https://shop.kimelo.com/sku/cheese-monterey-jack-shredded-fancy-4-5-lb-108930/108930",
      "https://shop.kimelo.com/sku/cheese-monterey-jack-loaf-2-5-lb-107600/107600"
    ],
    "image_description": "The cheese product in the image appears to be shredded Parmesan cheese, sold in a clear, plastic bag. \n\n### Appearance:\n- **Color**: It has a pale, off-white or light beige color, which is typical for Parmesan.\n- **Shape**: The cheese is cut into various small flakes or shavings, giving it a somewhat irregular shape.\n- **Size**: The flakes vary in size, being small to medium, suitable for easy sprinkling over dishes.\n\n### Texture:\n- **Mouthfeel**: The texture is likely crumbly and slightly gritty, consistent with aged Parmesan, which can be hard and granular.\n- **Consistency**: The flakes indicate a drier texture, characteristic of aged cheeses.\n\n### Characteristics:\n- **Aroma**: While not visible, Parmesan is known for a strong, savory, and slightly nutty aroma when fresh.\n- **Flavor**: Typically, Parmesan is salty and rich, with complex flavors that develop from aging.\n- **Packaging**: The bag looks commercial, indicating that it's likely meant for use in restaurants or kitchens needing larger quantities. It is labeled \"Shredded Parmesan Cheese,\" which makes identification straightforward.\n\nOverall, this shredded Parmesan cheese is ideal for topping pastas, salads, or soups, and is easily identifiable by its appearance and texture."
  },
  {
    "url": "https://shop.kimelo.com/sku/cheese-ricotta-4-5lb-108718/108718",
    "title": "Cheese, Ricotta, (4) 5lb - 108718",
    "brand": "Galbani",
    "sku": "108718",
    "upc": "108718",
    "image_urls": [
      "https://shop.kimelo.com/_next/image?url=https%3A%2F%2Fd3tlizm80tjdt4.cloudfront.net%2Fimage%2F15218%2Fimage%2Flg-7fa5470dac1a2b61dd719873dbfca17a.png&w=3840&q=60",
      "https://shop.kimelo.com/_next/image?url=https%3A%2F%2Fd3tlizm80tjdt4.cloudfront.net%2Fimage%2F6471%2Fimage%2Flg-f451399c0d1457359d9d38cc23194c15.jpg&w=3840&q=60",
      "https://shop.kimelo.com/_next/image?url=https%3A%2F%2Fd3tlizm80tjdt4.cloudfront.net%2Fimage%2F6472%2Fimage%2Flg-162c9f2ec1882e6e74db4811f5a09b00.jpg&w=3840&q=60"
    ],
    "case_price": "$67.56",
    "each_price": "$16.89",
    "case_pack_size": "4 Eaches",
    "each_pack_size": "1 Item",
    "case_weight": "5 lbs",
    "each_weight": "1.25 lbs",
    "case_dimensions": "L 1\" x W 1\" x H 1\"",
    "each_dimensions": "L 1\" x W 1\" x H 1\"",
    "price_per_unit": "$3.38/LB",
    "category": [
      "Cheese",
      "Specialty Cheese"
    ],
    "related_items": [
      {
        "name": "Cheese, Mascarpone, Tub, Belgioioso, (4) 5 Lb - 107599",
        "brand": "Belgioioso",
        "price": "$29.72",
        "url": "https://shop.kimelo.com/sku/cheese-mascarpone-tub-belgioioso-4-5-lb-107599/107599"
      }
    ],
    "others_you_may_like_urls": [
      "https://shop.kimelo.com/sku/cheese-feta-in-brine-pail-2-8-lb-124284/124284",
      "https://shop.kimelo.com/sku/cheese-feta-sheepgoat-imported-ziria-14-kg-124111/124111",
      "https://shop.kimelo.com/sku/cheese-feta-rbst-free-estia-24-lb-124006/124006",
      "https://shop.kimelo.com/sku/cheese-gruyere-imported-loaf-2-5-lb-108978/108978",
      "https://shop.kimelo.com/sku/cheese-queso-fresco-casero-bulk-12-lbs-112596/112596",
      "https://shop.kimelo.com/sku/cheese-mozzarella-fresh-ovoline-galbani-23-lb-123382/123382",
      "https://shop.kimelo.com/sku/cheese-feta-crumbles-president-25-lb-123341/123341",
      "https://shop.kimelo.com/sku/cheese-provolone-sliced-8-15-lb-103601/103601",
      "https://shop.kimelo.com/sku/cheese-feta-french-pail-valbreso-18-lb-avg-123797/123797"
    ],
    "image_description": "The cheese product depicted is Galbani Classic Whey Ricotta. Here's a detailed description based on typical characteristics:\n\n### Appearance\n- **Packaging**: The product is packaged in a set of three cylindrical containers, each sealed in plastic wrap. The containers are predominantly white and have blue labels.\n- **Labeling**: The labels display the brand name \"GALBANI,\" along with details such as the weight (4.5 lbs) and the type of cheese (Whey Ricotta). Nutritional information is also provided, typically including serving size, calories, and ingredient list.\n\n### Texture\n- **Consistency**: Ricotta cheese generally has a soft, creamy texture that is slightly grainy due to the curds that form during the cheese-making process. It can be easily spreadable or spooned out.\n- **Moisture**: It tends to be moist and can have a slightly wet surface, reflective of its fresh cheese nature.\n\n### Visible Characteristics\n- **Color**: Ricotta is typically off-white in color, appearing creamy and light.\n- **Curd Formation**: When opened, the inside may show small curds, which contribute to its characteristic texture. These curds will vary in size but are generally small.\n- **Taste Notes**: While not depicted, ricotta cheese is known for its mild, slightly sweet flavor, which makes it versatile in both savory and sweet dishes.\n\n### Identification\n- **Type**: This product is specifically a whe"
  },
  {
    "url": "https://shop.kimelo.com/sku/cheese-shredded-jack-cheddar-blend-fancy-4-5-lb-103664/103664",
    "title": "Cheese, Shredded, Jack & Cheddar Blend, Fancy, (4) 5 Lb - 103664",
    "brand": "Packer",
    "sku": "103664",
    "upc": "103664",
    "image_urls": [
      "https://shop.kimelo.com/_next/image?url=https%3A%2F%2Fd3tlizm80tjdt4.cloudfront.net%2Fremote_images%2Fimage%2F7672%2Flarge%2F005693eacab8eab59ac07874da7b7c1945a605d60a01410ccf.jpg&w=3840&q=60",
      "https://shop.kimelo.com/_next/image?url=https%3A%2F%2Fd3tlizm80tjdt4.cloudfront.net%2Fimage%2F1466%2Fimage%2Flg-c3c5f170debaa298c91407279e11bc1d.jpg&w=3840&q=60"
    ],
    "case_price": "$58.84",
    "each_price": "$14.71",
    "case_pack_size": "4 Eaches",
    "each_pack_size": "1 Item",
    "case_weight": "5 lbs",
    "each_weight": "1.25 lbs",
    "case_dimensions": "L 1\" x W 1\" x H 1\"",
    "each_dimensions": "L 1\" x W 1\" x H 1\"",
    "price_per_unit": "$2.94/LB",
    "category": [
      "Cheese",
      "Shredded Cheese"
    ],
    "related_items": [
      {
        "name": "Cheese, 5 Blend, Moz Wmlm/lmps/prov/parm/roma, 6/5 Lb - 123784",
        "brand": "Galbani",
        "price": "$96.18",
        "url": "https://shop.kimelo.com/sku/cheese-5-blend-moz-wmlmlmpsprovparmroma-65-lb-123784/123784"
      }
    ],
    "others_you_may_like_urls": [
      "https://shop.kimelo.com/sku/cheese-cheddar-shredded-fancy-mild-4-106832/106832",
      "https://shop.kimelo.com/sku/butter-solids-european-unsalted-36-1-lb-103494/103494",
      "https://shop.kimelo.com/sku/cheese-monterey-jack-shredded-fancy-4-5-lb-108930/108930",
      "https://shop.kimelo.com/sku/cheese-asiago-shredded-6-5-lb-111711/111711",
      "https://shop.kimelo.com/sku/milk-whole-21-gal-109392/109392",
      "https://shop.kimelo.com/sku/milk-powdered-whole-55-lb-110890/110890",
      "https://shop.kimelo.com/sku/cheese-blend-mozz-wm-ps-premio-shred-65-lb-112492/112492",
      "https://shop.kimelo.com/sku/cheese-cheddar-mild-sliced-8-103600/103600",
      "https://shop.kimelo.com/sku/cheese-pepperjack-feather-shred-45-lb-123794/123794",
      "https://shop.kimelo.com/sku/cheese-cheddar-mild-loaf-8-5-lb-103670/103670",
      "https://shop.kimelo.com/sku/cheese-cheddar-sharp-slcd-interleaf-075-oz-8-103603/103603"
    ],
    "image_description": "The image depicts a cardboard box labeled as containing shredded cheese, specifically a blend of Cheddar and Jack cheeses. Here are the characteristics that help identify this type of cheese:\n\n### Appearance\n- **Labeling**: The box has a clear label indicating that it contains \"Shredded Fine Fancy Cheddar/Jack.\"\n- **Packaging**: The cardboard is typical for bulk cheese products, suggesting it is intended for food service or large-scale usage.\n\n### Texture\n- **Shredded Form**: The cheese is shredded, which means it is cut into thin, elongated strands. This texture makes it ideal for melting, sprinkling on dishes, and incorporating into recipes.\n  \n### Identifying Characteristics\n- **Cheese Base**: The blend includes Cheddar and Jack cheeses, which are both popular varieties known for their distinctive flavors and melting qualities.\n- **Color**: While the box does not reveal the cheese itself, shredded Cheddar typically ranges from yellow to orange, while Jack cheese is usually a lighter cream color.\n\nOverall, this product is aimed at culinary use, providing a versatile cheese option known for its adaptability in various dishes."
  },
  {
    "url": "https://shop.kimelo.com/sku/cheese-cream-loaf-philadelphia-6-3-lb-103663/103663",
    "title": "Cheese, Cream, Loaf, Philadelphia, (6) 3 Lb - 103663",
    "brand": "Philadelphia",
    "sku": "103663",
    "upc": "103663",
    "image_urls": [
      "https://shop.kimelo.com/_next/image?url=https%3A%2F%2Fd3tlizm80tjdt4.cloudfront.net%2Fimage%2F1545%2Fimage%2Flg-b4c12a0da1cff4c43428fb0891f7333a.jpg&w=3840&q=60",
      "https://shop.kimelo.com/_next/image?url=https%3A%2F%2Fd3tlizm80tjdt4.cloudfront.net%2Fimage%2F1544%2Fimage%2Flg-62acd778688bb78c7979e4c40439f9df.jpg&w=3840&q=60"
    ],
    "case_price": "$96.78",
    "each_price": "$16.13",
    "case_pack_size": "6 Eaches",
    "each_pack_size": "1 Item",
    "case_weight": "3 lbs",
    "each_weight": "0.5 lbs",
    "case_dimensions": "L 1\" x W 1\" x H 1\"",
    "each_dimensions": "L 1\" x W 1\" x H 1\"",
    "price_per_unit": "$5.38/LB",
    "category": [
      "Cheese",
      "Cheese Loaf"
    ],
    "related_items": [
      {
        "name": "Cheese, Cream, Bulk, 30 Lb - 103662",
        "brand": "Packer",
        "price": "$70.05",
        "url": "https://shop.kimelo.com/sku/cheese-cream-bulk-30-lb-103662/103662"
      },
      {
        "name": "Cheese, Cream, Loaf, 10/3 Lb - 112699",
        "brand": "Raskas",
        "price": "$85.56",
        "url": "https://shop.kimelo.com/sku/cheese-cream-loaf-103-lb-112699/112699"
      }
    ],
    "others_you_may_like_urls": [
      "https://shop.kimelo.com/sku/cheese-cheddar-shredded-fancy-mild-4-106832/106832",
      "https://shop.kimelo.com/sku/cheese-cheddar-sharp-slcd-interleaf-075-oz-8-103603/103603",
      "https://shop.kimelo.com/sku/cheese-monterey-jack-shredded-fancy-4-5-lb-108930/108930",
      "https://shop.kimelo.com/sku/cheese-gruyere-imported-loaf-2-5-lb-108978/108978",
      "https://shop.kimelo.com/sku/cheese-swiss-sliced-processed-120-ct-4-5-lb-100014/100014",
      "https://shop.kimelo.com/sku/cheese-swiss-sliced-8-15-lb-103602/103602",
      "https://shop.kimelo.com/sku/cheese-american-120-slice-yellow-4-5-lb-103674/103674",
      "https://shop.kimelo.com/sku/cheese-cheddar-medium-loaf-2-5lb-106815/106815",
      "https://shop.kimelo.com/sku/cheese-monterey-jack-block-40-lb-avg-103562/103562",
      "https://shop.kimelo.com/sku/cheese-cheddar-mild-sliced-8-103600/103600",
      "https://shop.kimelo.com/sku/cheese-provolone-sliced-8-15-lb-103601/103601",
      "https://shop.kimelo.com/sku/cheese-monterey-jack-sliced-8-15-lb-103599/103599",
      "https://shop.kimelo.com/sku/cheese-cheddar-mild-loaf-8-5-lb-103670/103670",
      "https://shop.kimelo.com/sku/cheese-pepper-jack-loaf-8-103672/103672",
      "https://shop.kimelo.com/sku/cheese-monterey-jack-loaf-2-5-lb-107600/107600"
    ],
    "image_description": "The cheese product in question is a block of cream cheese, specifically the Philadelphia brand. \n\n### Appearance:\n- **Packaging**: The cream cheese is packaged in a rectangular brick form, typically wrapped in a silver foil or cardboard box with a clear branding on the front. The box indicates that it contains a 3-pound (48 oz) block of cream cheese.\n- **Color**: The package features a light grayish color with a prominent white logo and blue lettering. \n\n### Texture:\n- **Consistency**: Cream cheese is known for its smooth and creamy texture. It\u2019s soft enough to be spread easily but firm enough to hold its shape when cut into slices or cubes.\n- **Mouthfeel**: When spread, it feels rich and velvety on the palate, lacking any graininess, which is characteristic of this type of cheese.\n\n### Characteristics:\n- **Flavor**: Cream cheese has a mild, slightly tangy flavor, making it versatile in both sweet and savory dishes.\n- **Usage**: This product is often used as a spread for bagels, in cheesecakes, and as a base for dips, making it a key ingredient in many recipes.\n\nThis cream cheese is notable for its presence in various culinary applications, due to its creamy consistency and mild taste."
  },
  {
    "url": "https://shop.kimelo.com/sku/cheese-jack-pepper-sliced-8-15-lb-124829/124829",
    "title": "Cheese, Jack Pepper, Sliced, (8) 1.5 Lb 124829",
    "brand": "Cal Premium",
    "sku": "124829",
    "upc": "124829",
    "image_urls": [
      "https://shop.kimelo.com/_next/image?url=https%3A%2F%2Fd3tlizm80tjdt4.cloudfront.net%2Fremote_images%2Fimage%2F5723%2Flarge%2F634d3ddc937414044a0ad44e41adcdbc32a5938271c72b1e60.jpg&w=3840&q=60"
    ],
    "case_price": "$53.76",
    "each_price": "$6.72",
    "case_pack_size": "8 Eaches",
    "each_pack_size": "1 Item",
    "case_weight": "1.5 lbs",
    "each_weight": "0.1875 lbs",
    "case_dimensions": "L 1\" x W 1\" x H 1\"",
    "each_dimensions": "L 1\" x W 1\" x H 1\"",
    "price_per_unit": "$4.48/LB",
    "category": [
      "Cheese",
      "Sliced Cheese"
    ],
    "related_items": [
      {
        "name": "",
        "brand": "",
        "price": "",
        "url": "https://shop.kimelo.com/sku/cheese-pepper-jack-loaf-8-103672/103672"
      },
      {
        "name": "",
        "brand": "",
        "price": "",
        "url": "https://shop.kimelo.com/sku/cheese-pepperjack-feather-shred-45-lb-123794/123794"
      },
      {
        "name": "Cheese, Monterey Jack, Sliced, (8) 1.5 Lb - 103599",
        "brand": "Cheese Crafters",
        "price": "$5.97",
        "url": "https://shop.kimelo.com/sku/cheese-monterey-jack-sliced-8-15-lb-103599/103599"
      },
      {
        "name": "Cheese, Pepper Jack, Loaf (8) 103672",
        "brand": "Cheswick",
        "price": "$17.47",
        "url": "https://shop.kimelo.com/sku/cheese-pepper-jack-loaf-8-103672/103672"
      },
      {
        "name": "",
        "brand": "",
        "price": "",
        "url": "https://shop.kimelo.com/sku/cheese-pepperjack-feather-shred-45-lb-123794/123794"
      },
      {
        "name": "",
        "brand": "",
        "price": "",
        "url": "https://shop.kimelo.com/sku/cheese-monterey-jack-sliced-8-15-lb-103599/103599"
      },
      {
        "name": "",
        "brand": "",
        "price": "",
        "url": "https://shop.kimelo.com/sku/cheese-pepper-jack-loaf-8-103672/103672"
      },
      {
        "name": "",
        "brand": "",
        "price": "",
        "url": "https://shop.kimelo.com/sku/cheese-pepperjack-feather-shred-45-lb-123794/123794"
      }
    ],
    "others_you_may_like_urls": [
      "https://shop.kimelo.com/sku/cheese-american-120-slice-yellow-4-5-lb-103674/103674",
      "https://shop.kimelo.com/sku/cheese-kefalotyri-hard-wheel-greek-import-18-lb-avg-124125/124125",
      "https://shop.kimelo.com/sku/cheese-gruyere-imported-loaf-2-5-lb-108978/108978",
      "https://shop.kimelo.com/sku/cheese-halloumi-tradition-greek-import-4088-oz-124144/124144",
      "https://shop.kimelo.com/sku/cheese-swiss-sliced-8-15-lb-103602/103602",
      "https://shop.kimelo.com/sku/cheese-pecorino-romano-14-lb-124109/124109",
      "https://shop.kimelo.com/sku/cheese-swiss-sliced-processed-120-ct-4-5-lb-100014/100014",
      "https://shop.kimelo.com/sku/cheese-paneer-gopi-1514-oz-124005/124005",
      "https://shop.kimelo.com/sku/cheese-cheddar-sharp-white-10-lb-111680/111680"
    ],
    "image_description": "This cheese product appears to be a sliced variety, characterized by its rectangular, square shapes stacked or arranged haphazardly. \n\n### Appearance:\n- **Color**: The cheese has a pale yellow or off-white hue.\n- **Inclusions**: There are noticeable specks and flecks throughout the cheese, which seem to be herbs or spices, likely contributing to its flavor profile. The pieces vary slightly in visibility and distribution.\n\n### Texture:\n- **Surface**: The cheese slices have a smooth surface that appears semi-glossy, typical of processed cheeses.\n- **Thickness**: Each slice is relatively thin, making it suitable for sandwiches or melting.\n- **Feel**: It looks soft yet firm enough to hold its shape when picked up, suggesting a creamy texture.\n\n### Identifiable Characteristics:\n- **Herb/Spice Speckling**: The visible herbs or spices could help identify it as a flavored cheese, possibly featuring ingredients like herbs de Provence or red pepper flakes.\n- **Sliced Format**: The pre-sliced nature suggests it is designed for convenience, likely appealing to consumers looking for easy-to-use cheese options.\n\nOverall, the combination of its color, texture, and visible additives points to a flavored, possibly mild cheese, appealing for snacking, sandwiches, or cooking."
  },
  {
    "url": "https://shop.kimelo.com/sku/cheese-paneer-gopi-45-lb/374574",
    "title": "Cheese, Paneer, Gopi, 4/5 Lb",
    "brand": "Gopi",
    "sku": "374574",
    "upc": "374574",
    "image_urls": [
      "https://shop.kimelo.com/_next/image?url=https%3A%2F%2Fd3tlizm80tjdt4.cloudfront.net%2Fremote_images%2Fimage%2F10816%2Flarge%2F3c94f5044eafd3ac072f370531a05c7ec9b910c8ebf7d8fc1c.jpg&w=3840&q=60"
    ],
    "case_price": "",
    "each_price": "$75.10",
    "case_pack_size": "",
    "each_pack_size": "1 Item",
    "case_weight": "",
    "each_weight": "20 lbs",
    "case_dimensions": "",
    "each_dimensions": "L 1\" x W 1\" x H 1\"",
    "price_per_unit": "$3.76/LB",
    "category": [
      "Cheese",
      "Sliced Cheese"
    ],
    "related_items": [
      {
        "name": "",
        "brand": "",
        "price": "",
        "url": "https://shop.kimelo.com/sku/cheese-swiss-sliced-8-15-lb-103602/103602"
      },
      {
        "name": "",
        "brand": "",
        "price": "",
        "url": "https://shop.kimelo.com/sku/cheese-gruyere-imported-loaf-2-5-lb-108978/108978"
      }
    ],
    "others_you_may_like_urls": [
      "https://shop.kimelo.com/sku/cheese-jack-pepper-sliced-8-15-lb-124829/124829",
      "https://shop.kimelo.com/sku/cheese-halloumi-tradition-greek-import-4088-oz-124144/124144",
      "https://shop.kimelo.com/sku/cheese-paneer-gopi-1514-oz-124005/124005",
      "https://shop.kimelo.com/sku/cheese-american-120-slice-yellow-4-5-lb-103674/103674",
      "https://shop.kimelo.com/sku/cheese-swiss-sliced-processed-120-ct-4-5-lb-100014/100014",
      "https://shop.kimelo.com/sku/cheese-pecorino-romano-14-lb-124109/124109",
      "https://shop.kimelo.com/sku/cheese-cheddar-sharp-white-10-lb-111680/111680"
    ],
    "image_description": "The cheese product in question is **paneer**, a fresh cheese commonly used in Indian cuisine. \n\n### Appearance:\n- **Color**: Paneer is typically white to off-white in color.\n- **Shape**: This specific block of paneer is rectangular and has smooth, flat surfaces.\n- **Size**: The block seems to be medium-sized, practical for slicing or cubing.\n- **Packaging**: It is wrapped in plastic with a clearly labeled blue and white packaging, which usually includes branding and nutritional information.\n\n### Texture:\n- **Surface**: The exterior is smooth and slightly glossy due to the packaging.\n- **Interior**: Paneer has a firm and slightly crumbly texture. It is not as soft as some other cheeses, making it easy to cut into cubes or slices without crumbling excessively.\n- **Feel**: When touched, it has a springy quality, indicating its freshness.\n\n### Characteristics:\n- **Flavor**: Paneer has a mild flavor, which makes it versatile in dishes, absorbing spices and flavors well.\n- **Usage**: It is often used in a variety of dishes such as curries (like paneer butter masala), salads, and grilled preparations.\n\nOverall, paneer is a staple in many recipes, appreciated for its ability to complement various ingredients while providing a rich source of protein."
  },
  {
    "url": "https://shop.kimelo.com/sku/cheese-cheddar-mild-loaf-8-5-lb-103670/103670",
    "title": "Cheese, Cheddar, Mild, Loaf, (8) 5 Lb - 103670",
    "brand": "Cheswick",
    "sku": "103670",
    "upc": "103670",
    "image_urls": [
      "https://shop.kimelo.com/_next/image?url=https%3A%2F%2Fd3tlizm80tjdt4.cloudfront.net%2Fimage%2F11595%2Fimage%2Flg-6980b730987a48d2d04bf9373ed83c63.jpeg&w=3840&q=60",
      "https://shop.kimelo.com/_next/image?url=https%3A%2F%2Fd3tlizm80tjdt4.cloudfront.net%2Fimage%2F2239%2Fimage%2Flg-45d53045498ae865f88394ae37a19563.png&w=3840&q=60"
    ],
    "case_price": "$135.92",
    "each_price": "$16.99",
    "case_pack_size": "8 Eaches",
    "each_pack_size": "1 Item",
    "case_weight": "5 lbs",
    "each_weight": "0.625 lbs",
    "case_dimensions": "L 1\" x W 1\" x H 1\"",
    "each_dimensions": "L 1\" x W 1\" x H 1\"",
    "price_per_unit": "$3.40/LB",
    "category": [
      "Cheese",
      "Cheese Loaf"
    ],
    "related_items": [
      {
        "name": "",
        "brand": "",
        "price": "",
        "url": "https://shop.kimelo.com/sku/cheese-cheddar-medium-loaf-2-5lb-106815/106815"
      },
      {
        "name": "",
        "brand": "",
        "price": "",
        "url": "https://shop.kimelo.com/sku/cheese-cheddar-shredded-fancy-mild-4-106832/106832"
      },
      {
        "name": "Cheese, Cheddar, Mild, Sliced, (8) - 103600",
        "brand": "California Select Farms",
        "price": "$6.89",
        "url": "https://shop.kimelo.com/sku/cheese-cheddar-mild-sliced-8-103600/103600"
      },
      {
        "name": "Cheese, Cheddar, Medium, Loaf, (2) 5lb - 106815",
        "brand": "Tillamook",
        "price": "$30.08",
        "url": "https://shop.kimelo.com/sku/cheese-cheddar-medium-loaf-2-5lb-106815/106815"
      },
      {
        "name": "",
        "brand": "",
        "price": "",
        "url": "https://shop.kimelo.com/sku/cheese-cheddar-shredded-fancy-mild-4-106832/106832"
      },
      {
        "name": "",
        "brand": "",
        "price": "",
        "url": "https://shop.kimelo.com/sku/cheese-cheddar-mild-sliced-8-103600/103600"
      },
      {
        "name": "",
        "brand": "",
        "price": "",
        "url": "https://shop.kimelo.com/sku/cheese-cheddar-medium-loaf-2-5lb-106815/106815"
      },
      {
        "name": "",
        "brand": "",
        "price": "",
        "url": "https://shop.kimelo.com/sku/cheese-cheddar-shredded-fancy-mild-4-106832/106832"
      }
    ],
    "others_you_may_like_urls": [
      "https://shop.kimelo.com/sku/cheese-monterey-jack-block-40-lb-avg-103562/103562",
      "https://shop.kimelo.com/sku/cheese-pepper-jack-loaf-8-103672/103672",
      "https://shop.kimelo.com/sku/milk-powdered-whole-55-lb-110890/110890",
      "https://shop.kimelo.com/sku/appetizer-mozzarella-sticks-breaded-italian-43-lb-110439/110439",
      "https://shop.kimelo.com/sku/cheese-gruyere-imported-loaf-2-5-lb-108978/108978",
      "https://shop.kimelo.com/sku/cheese-cream-loaf-philadelphia-6-3-lb-103663/103663",
      "https://shop.kimelo.com/sku/cheese-blend-mozz-wm-ps-premio-shred-65-lb-112492/112492",
      "https://shop.kimelo.com/sku/milk-whole-21-gal-109392/109392",
      "https://shop.kimelo.com/sku/cheese-swiss-sliced-8-15-lb-103602/103602",
      "https://shop.kimelo.com/sku/cheese-parmesan-shaved-4-5-lb-106816/106816",
      "https://shop.kimelo.com/sku/cheese-provolone-sliced-8-15-lb-103601/103601",
      "https://shop.kimelo.com/sku/cheese-monterey-jack-sliced-8-15-lb-103599/103599",
      "https://shop.kimelo.com/sku/cheese-shredded-jack-cheddar-blend-fancy-4-5-lb-103664/103664",
      "https://shop.kimelo.com/sku/cheese-cheddar-sharp-slcd-interleaf-075-oz-8-103603/103603"
    ],
    "image_description": "Based on the nutrition facts provided, this cheese product is likely characterized as very high in fat and protein, which is typical of certain types of cheese. Here\u2019s a detailed description based on common features of cheese:\n\n### Appearance\n- **Color:** The cheese could range from white to yellow, potentially indicating whether it is a fresh cheese, like ricotta, or a more aged variety.\n- **Form:** If it's in block form, it might be smooth and uniform. If grated or shredded, it would have a fine texture, while slices may show a glossy surface.\n\n### Texture\n- **Softness or Hardness:** Depending on the type, it could be creamy and spreadable if fresh, or it might be firmer and crumbly if aged. \n- **Mouthfeel:** A high-fat content suggests a creamy mouthfeel, while the protein content indicates it could be quite rich.\n\n### Visible Characteristics\n- **Surface:** Look for any rinds, which can indicate aging or particular cheese varieties (like brie or gouda).\n- **Aging Signs:** You might see small holes or a slightly cracked surface if it's aged. If it has a softer texture and appears fresh, it may have a more uniform appearance.\n\nWith a total fat content of 720 grams and high protein levels, this cheese likely falls into a category of very rich, flavorful cheeses, possibly suitable for cooking or as a rich addition to dishes."
  },
  {
    "url": "https://shop.kimelo.com/sku/cheese-feta-crumbles-president-25-lb-123341/123341",
    "title": "Cheese, Feta, Crumbles, President, 2/5 Lb - 123341",
    "brand": "President",
    "sku": "123341",
    "upc": "123341",
    "image_urls": [
      "https://shop.kimelo.com/_next/image?url=https%3A%2F%2Fd3tlizm80tjdt4.cloudfront.net%2Fimage%2F17447%2Fimage%2Flg-dad46048fe0fc55a136499ac171b2554.png&w=3840&q=60"
    ],
    "case_price": "",
    "each_price": "$44.11",
    "case_pack_size": "",
    "each_pack_size": "1 Item",
    "case_weight": "",
    "each_weight": "10 lbs",
    "case_dimensions": "",
    "each_dimensions": "L 1\" x W 1\" x H 1\"",
    "price_per_unit": "$4.41/LB",
    "category": [
      "Cheese",
      "Specialty Cheese"
    ],
    "related_items": [
      {
        "name": "Cheese, Feta, French, Pail, Valbreso, 18 Lb Avg - 123797",
        "brand": "Valbreso",
        "price": "$125.10",
        "url": "https://shop.kimelo.com/sku/cheese-feta-french-pail-valbreso-18-lb-avg-123797/123797"
      },
      {
        "name": "Cheese, Feta, Rbst Free, Estia, 24 Lb 124006",
        "brand": "Estia",
        "price": "$110.02",
        "url": "https://shop.kimelo.com/sku/cheese-feta-rbst-free-estia-24-lb-124006/124006"
      }
    ],
    "others_you_may_like_urls": [
      "https://shop.kimelo.com/sku/cheese-goat-crumbled-22-lb-123365/123365",
      "https://shop.kimelo.com/sku/cheese-mozzarella-fresh-ovoline-galbani-23-lb-123382/123382",
      "https://shop.kimelo.com/sku/cheese-mascarpone-tub-belgioioso-4-5-lb-107599/107599",
      "https://shop.kimelo.com/sku/cheese-feta-sheepgoat-imported-ziria-14-kg-124111/124111",
      "https://shop.kimelo.com/sku/cheese-queso-fresco-casero-bulk-12-lbs-112596/112596",
      "https://shop.kimelo.com/sku/cheese-feta-in-brine-pail-2-8-lb-124284/124284"
    ],
    "image_description": "This cheese product appears to be feta cheese, characterized by several distinct features:\n\n### Appearance:\n- **Color**: It has a white to off-white color, typical of feta cheese.\n- **Shape**: The cheese is presented in a rectangular block.\n- **Size**: It is packaged in a clear container, likely containing small cubed pieces or crumbles.\n- **Surface**: The surface may have a slightly grainy texture, common in feta due to its unique production process.\n\n### Texture:\n- **Consistency**: The texture is typically crumbly yet moist, allowing it to break apart easily when handled.\n- **Feel**: When touched, it feels slightly soft but firm enough to maintain its shape. It may also feel somewhat creamy.\n\n### Visible Characteristics:\n- **Cubes or Crumbles**: Depending on the specific presentation, there may be small cubes or a mix of crumbled pieces indicating how it has been cut or processed.\n- **Brine**: Feta is often stored in a brine solution, so there may be a slightly watery appearance surrounding the cheese, which helps preserve its flavor and moisture.\n\n### Identification:\nThis cheese is often used in Mediterranean dishes, salads, or as a topping, making its distinct texture, moistness, and crumbly nature pivotal for identifying it as feta cheese. The packaging also typically includes labeling that confirms its type and any additional information about the product."
  },
  {
    "url": "https://shop.kimelo.com/sku/cheese-mascarpone-tub-belgioioso-4-5-lb-107599/107599",
    "title": "Cheese, Mascarpone, Tub, Belgioioso, (4) 5 Lb - 107599",
    "brand": "Belgioioso",
    "sku": "107599",
    "upc": "107599",
    "image_urls": [
      "https://shop.kimelo.com/_next/image?url=https%3A%2F%2Fd3tlizm80tjdt4.cloudfront.net%2Fimage%2F17540%2Fimage%2Flg-591e40fd066aeb87fd5b9cb9f0ef48ae.png&w=3840&q=60"
    ],
    "case_price": "$118.88",
    "each_price": "$29.72",
    "case_pack_size": "4 Eaches",
    "each_pack_size": "1 Item",
    "case_weight": "5 lbs",
    "each_weight": "1.25 lbs",
    "case_dimensions": "L 1\" x W 1\" x H 1\"",
    "each_dimensions": "L 1\" x W 1\" x H 1\"",
    "price_per_unit": "$5.94/LB",
    "category": [
      "Cheese",
      "Specialty Cheese"
    ],
    "related_items": [
      {
        "name": "Cheese, Ricotta, (4) 5lb - 108718",
        "brand": "Galbani",
        "price": "$16.89",
        "url": "https://shop.kimelo.com/sku/cheese-ricotta-4-5lb-108718/108718"
      }
    ],
    "others_you_may_like_urls": [
      "https://shop.kimelo.com/sku/cheese-mozzarella-fresh-loaf-sliced-61-lb-123535/123535",
      "https://shop.kimelo.com/sku/cheese-feta-sheepgoat-imported-ziria-14-kg-124111/124111",
      "https://shop.kimelo.com/sku/cheese-goat-chefs-chevre-tub-2-4-lb-103638/103638",
      "https://shop.kimelo.com/sku/cheese-gruyere-imported-loaf-2-5-lb-108978/108978",
      "https://shop.kimelo.com/sku/cheese-mozzarella-fresh-ovoline-galbani-23-lb-123382/123382",
      "https://shop.kimelo.com/sku/cheese-feta-crumbles-president-25-lb-123341/123341",
      "https://shop.kimelo.com/sku/cheese-queso-fresco-casero-bulk-12-lbs-112596/112596",
      "https://shop.kimelo.com/sku/cheese-feta-rbst-free-estia-24-lb-124006/124006",
      "https://shop.kimelo.com/sku/cheese-feta-in-brine-pail-2-8-lb-124284/124284",
      "https://shop.kimelo.com/sku/cheese-provolone-sliced-8-15-lb-103601/103601",
      "https://shop.kimelo.com/sku/cheese-feta-french-pail-valbreso-18-lb-avg-123797/123797",
      "https://shop.kimelo.com/sku/cheese-mozzarella-fresh-loaf-thin-slice-61-lb-112545/112545"
    ],
    "image_description": "The product in question is mascarpone cheese, specifically from the brand BelGioioso. Here are some detailed characteristics of this cheese:\n\n### Appearance:\n- **Color**: Mascarpone has a pale ivory to white color, indicating its creamy consistency.\n- **Container**: It comes in a round, lidded plastic tub labeled with bright, appealing graphics. The tub prominently features the name \"MAScarpone\" in green letters, with additional descriptors beneath.\n- **Branding**: The branding includes a logo with flags from Italy, highlighting its Italian heritage.\n\n### Texture:\n- **Creamy**: Mascarpone is known for its rich and creamy texture. It is smooth and spreadable, making it easy to incorporate into recipes.\n- **Thick**: The consistency is thicker than sour cream but still soft enough to be easily scooped out with a spoon.\n\n### Characteristics:\n- **Flavor Profile**: While not visible, mascarpone has a rich, buttery flavor profile that is mild and slightly sweet, making it versatile for both savory and sweet dishes.\n- **Usage**: Often utilized in desserts like tiramisu or as a base in creamy pasta sauces, it can also be incorporated into cheesecakes or served with fruit.\n\n### Additional Notes:\n- **Storage Instructions**: The label indicates that it should be kept refrigerated and not frozen, emphasizing its need for proper storage to maintain freshness.\n- **Net Weight**: It typically comes in a 5-pound"
  },
  {
    "url": "https://shop.kimelo.com/sku/cheese-gorgonzola-crumbles-86464-2-5-lb-107598/107598",
    "title": "Cheese, Gorgonzola, Crumbles, 86464, (2) 5 Lb - 107598",
    "brand": "Belgioioso",
    "sku": "107598",
    "upc": "107598",
    "image_urls": [
      "https://shop.kimelo.com/_next/image?url=https%3A%2F%2Fd3tlizm80tjdt4.cloudfront.net%2Fimage%2F5982%2Fimage%2Flg-62a9aa53da1f956602baf419abdce8ba.jpg&w=3840&q=60",
      "https://shop.kimelo.com/_next/image?url=https%3A%2F%2Fd3tlizm80tjdt4.cloudfront.net%2Fimage%2F5983%2Fimage%2Flg-17704cce9a80787a4e7a525314e890ce.jpg&w=3840&q=60"
    ],
    "case_price": "$49.06",
    "each_price": "$24.53",
    "case_pack_size": "2 Eaches",
    "each_pack_size": "1 Item",
    "case_weight": "5 lbs",
    "each_weight": "2.5 lbs",
    "case_dimensions": "L 1\" x W 1\" x H 1\"",
    "each_dimensions": "L 1\" x W 1\" x H 1\"",
    "price_per_unit": "$4.91/LB",
    "category": [
      "Cheese",
      "Crumbled, Cubed, Grated, Shaved"
    ],
    "related_items": [
      {
        "name": "Cheese, Parmesan, Shaved, (4) 5 Lb - 106816",
        "brand": "Galbani",
        "price": "$26.44",
        "url": "https://shop.kimelo.com/sku/cheese-parmesan-shaved-4-5-lb-106816/106816"
      },
      {
        "name": "Cheese, Parmesan, Grated, Imported, (4) 5 Lb - 111522",
        "brand": "Galbani",
        "price": "$30.18",
        "url": "https://shop.kimelo.com/sku/cheese-parmesan-grated-imported-4-5-lb-111522/111522"
      }
    ],
    "others_you_may_like_urls": [],
    "image_description": "The cheese product in the image appears to be a packaged item from BelGioioso, specifically crumbled gorgonzola cheese. While the physical characteristics of the cheese itself are not visible in the image, we can describe what is generally expected from gorgonzola cheese:\n\n### Appearance:\n- **Color**: Gorgonzola typically has a creamy white to pale yellow base color with blue-green veining created by the Penicillium mold.\n- **Form**: As it's crumbled, you would expect uneven, small, irregular pieces rather than uniform chunks.\n\n### Texture:\n- **Feel**: Gorgonzola has a creamy texture that can be slightly crumbly, especially when served in a crumbled form. It should be moist but can vary in firmness, with the aged version being more crumbly.\n- **Mouthfeel**: On the palate, gorgonzola can feel rich and buttery, with a slight chalkiness from the blue veins.\n\n### Characteristics:\n- **Flavor**: Gorgonzola is known for its strong, tangy flavor profile, which can range from mild to quite sharp, depending on its age.\n- **Aroma**: The smell is typically pungent and earthy, characteristic of blue cheeses.\n\nThis cheese is commonly used in salads, pasta dishes, or as a topping for pizzas, lending both flavor and a distinctive appearance to dishes."
  },
  {
    "url": "https://shop.kimelo.com/sku/cheese-mozzarella-wmlm-loaf-professionale-85-lb-125731/125731",
    "title": "Cheese, Mozzarella, Wmlm, Loaf, Professionale, 8/5 Lb 125731",
    "brand": "Galbani",
    "sku": "125731",
    "upc": "125731",
    "image_urls": [
      "https://shop.kimelo.com/_next/image?url=https%3A%2F%2Fd3tlizm80tjdt4.cloudfront.net%2Fremote_images%2Fimage%2F7215%2Flarge%2F8e3a538ac779eb6afea42d92e46a2a63a1e5ecb4527ff1b238.jpg&w=3840&q=60",
      "https://shop.kimelo.com/_next/image?url=https%3A%2F%2Fd3tlizm80tjdt4.cloudfront.net%2Fremote_images%2Fimage%2F7711%2Flarge%2Fc20e0e1d64644e56898bd18e6b8ba86b9b084205ffc572dab3.jpg&w=3840&q=60"
    ],
    "case_price": "",
    "each_price": "$98.20",
    "case_pack_size": "",
    "each_pack_size": "1 Item",
    "case_weight": "",
    "each_weight": "40 lbs",
    "case_dimensions": "",
    "each_dimensions": "L 1\" x W 1\" x H 1\"",
    "price_per_unit": "$2.46/LB",
    "category": [
      "Cheese",
      "Cheese Loaf"
    ],
    "related_items": [],
    "others_you_may_like_urls": [],
    "image_description": "The packaging shown is a cardboard box, likely containing a cheese product. The box features a pink exterior with a logo that says \"Cajun\" and includes a label indicating it\u2019s a cheese brand. \n\n### Appearance\n- **Color**: The box has a vibrant pink color, which may be reflective of a specific branding style for the product.\n- **Labeling**: It has a clear product label with information such as a barcode and possibly other identifiers.\n\n### Texture\nSince the product is inside a box, the texture of the cheese itself can't be observed directly. However, based on typical cheese packaging:\n- **If it contains a type of cheese** like cream cheese or spread, it would likely be smooth and creamy.\n- **If it contains a firmer cheese**, you might expect it to be sliceable with a more solid texture.\n\n### Visible Characteristics\n- The box seems to be designed for bulk or commercial use, indicating it might be a larger quantity cheese product.\n- Specific characteristics like age, origin, or flavor (e.g., sharp, mild, etc.) are not visible from the exterior and would require additional information from the product label or description.\n\nOverall, more details like the actual cheese type and specifics about its texture would be found inside the box or through more descriptive labeling."
  },
  {
    "url": "https://shop.kimelo.com/sku/cheese-indian-paneer-bulk-fresh-loaf-4-109240/109240",
    "title": "Cheese, Indian Paneer Bulk Fresh Loaf (4) 109240",
    "brand": "Royal Mahout",
    "sku": "109240",
    "upc": "109240",
    "image_urls": [
      "https://shop.kimelo.com/_next/image?url=https%3A%2F%2Fd3tlizm80tjdt4.cloudfront.net%2Fimage%2F14820%2Fimage%2Flg-614fb1478363509b54cab7a588cad291.png&w=3840&q=60",
      "https://shop.kimelo.com/_next/image?url=https%3A%2F%2Fd3tlizm80tjdt4.cloudfront.net%2Fimage%2F13821%2Fimage%2Flg-bd08d16870b7de6e5503ef4e5141e2d5.png&w=3840&q=60"
    ],
    "case_price": "$82.32",
    "each_price": "$20.58",
    "case_pack_size": "4 Eaches",
    "each_pack_size": "1 Item",
    "case_weight": "5.25 lbs",
    "each_weight": "1.3125 lbs",
    "case_dimensions": "L 1\" x W 1\" x H 1\"",
    "each_dimensions": "L 1\" x W 1\" x H 1\"",
    "price_per_unit": "$4.12/LB",
    "category": [
      "Cheese",
      "Specialty Cheese"
    ],
    "related_items": [
      {
        "name": "",
        "brand": "",
        "price": "",
        "url": "https://shop.kimelo.com/sku/cheese-feta-crumbles-president-25-lb-123341/123341"
      },
      {
        "name": "",
        "brand": "",
        "price": "",
        "url": "https://shop.kimelo.com/sku/cheese-mozzarella-fresh-loaf-sliced-61-lb-123535/123535"
      }
    ],
    "others_you_may_like_urls": [
      "https://shop.kimelo.com/sku/cheese-mozzarella-wmlm-feather-shred-nb-45-lb-124254/124254",
      "https://shop.kimelo.com/sku/cheese-queso-fresco-casero-bulk-12-lbs-112596/112596",
      "https://shop.kimelo.com/sku/cheese-mascarpone-tub-belgioioso-4-5-lb-107599/107599",
      "https://shop.kimelo.com/sku/cheese-mozzarella-fresh-loaf-thin-slice-61-lb-112545/112545",
      "https://shop.kimelo.com/sku/cheese-ricotta-4-5lb-108718/108718",
      "https://shop.kimelo.com/sku/cheese-mozzarella-fresh-ovoline-galbani-23-lb-123382/123382",
      "https://shop.kimelo.com/sku/cheese-goat-chefs-chevre-tub-2-4-lb-103638/103638"
    ],
    "image_description": "This cheese product is paneer, a type of fresh cheese commonly used in Indian cuisine. Here\u2019s a detailed description based on its appearance and characteristics:\n\n### Appearance\n- **Color**: Paneer is typically white or off-white in color, indicating its freshness.\n- **Shape**: The product is in rectangular blocks, suggesting it may be sliced or cubed for cooking.\n- **Packaging**: It comes in a plastic wrap or seal, often with a prominent label that includes attractive visuals, such as an elephant motif.\n\n### Texture\n- **Firmness**: Paneer has a semi-firm texture, making it easy to cube or slice without crumbling.\n- **Surface**: The outer layer may be slightly glossy due to its packaging, while the cut surface appears smooth and soft.\n\n### Characteristics\n- **Taste**: Paneer has a mild, milky flavor that absorbs spices and seasonings well, making it versatile in cooking.\n- **Moisture Content**: It is typically moist but not wet, which allows it to hold its shape when cooked.\n- **Nutrition**: The label indicates it\u2019s made from whole milk and is vegetarian, appealing to those looking for non-animal rennet cheese options.\n\nOverall, this paneer is an excellent ingredient for dishes like palak paneer or paneer tikka, valued for its ability to complement various flavors and textures in meals."
  },
  {
    "url": "https://shop.kimelo.com/sku/cheese-provolone-sliced-8-15-lb-103601/103601",
    "title": "Cheese, Provolone, Sliced, (8) 1.5 Lb - 103601",
    "brand": "California Select Farms",
    "sku": "103601",
    "upc": "103601",
    "image_urls": [
      "https://shop.kimelo.com/_next/image?url=https%3A%2F%2Fd3tlizm80tjdt4.cloudfront.net%2Fimage%2F8966%2Fimage%2Flg-ec412db8ab6b94cd1d06428f14a9f92c.jpeg&w=3840&q=60",
      "https://shop.kimelo.com/_next/image?url=https%3A%2F%2Fd3tlizm80tjdt4.cloudfront.net%2Fimage%2F13531%2Fimage%2Flg-c7ca219fb9b49e1b5a364b54341674d4.png&w=3840&q=60"
    ],
    "case_price": "$52.64",
    "each_price": "$6.58",
    "case_pack_size": "8 Eaches",
    "each_pack_size": "1 Item",
    "case_weight": "1.5 lbs",
    "each_weight": "0.1875 lbs",
    "case_dimensions": "L 1\" x W 1\" x H 1\"",
    "each_dimensions": "L 1\" x W 1\" x H 1\"",
    "price_per_unit": "$4.39/LB",
    "category": [
      "Cheese",
      "Sliced Cheese"
    ],
    "related_items": [
      {
        "name": "",
        "brand": "",
        "price": "",
        "url": "https://shop.kimelo.com/sku/cheese-parmesan-shaved-4-5-lb-106816/106816"
      },
      {
        "name": "",
        "brand": "",
        "price": "",
        "url": "https://shop.kimelo.com/sku/cheese-jack-pepper-sliced-8-15-lb-124829/124829"
      }
    ],
    "others_you_may_like_urls": [
      "https://shop.kimelo.com/sku/cheese-pecorino-romano-14-lb-124109/124109",
      "https://shop.kimelo.com/sku/cheese-gruyere-imported-loaf-2-5-lb-108978/108978",
      "https://shop.kimelo.com/sku/cheese-mascarpone-tub-belgioioso-4-5-lb-107599/107599",
      "https://shop.kimelo.com/sku/cheese-swiss-sliced-8-15-lb-103602/103602",
      "https://shop.kimelo.com/sku/cheese-halloumi-tradition-greek-import-4088-oz-124144/124144",
      "https://shop.kimelo.com/sku/cheese-american-120-slice-yellow-4-5-lb-103674/103674",
      "https://shop.kimelo.com/sku/cheese-swiss-sliced-processed-120-ct-4-5-lb-100014/100014",
      "https://shop.kimelo.com/sku/cheese-monterey-jack-sliced-8-15-lb-103599/103599",
      "https://shop.kimelo.com/sku/cheese-cheddar-mild-sliced-8-103600/103600",
      "https://shop.kimelo.com/sku/cheese-cream-loaf-philadelphia-6-3-lb-103663/103663",
      "https://shop.kimelo.com/sku/cheese-kefalotyri-hard-wheel-greek-import-18-lb-avg-124125/124125",
      "https://shop.kimelo.com/sku/cheese-pepper-jack-loaf-8-103672/103672",
      "https://shop.kimelo.com/sku/cheese-paneer-gopi-1514-oz-124005/124005"
    ],
    "image_description": "This cheese product is **Sliced Provolone Cheese**, indicated as not smoked on the packaging. \n\n### Appearance:\n- **Color**: It typically has a pale yellow to light cream color.\n- **Shape**: Sold in slices, each piece is generally flat and uniform in size.\n- **Packaging**: The cheese is housed in a plastic wrapper or container that displays its branding prominently.\n\n### Texture:\n- **Feel**: Provolone has a semi-soft texture, making it sliceable without breaking apart easily.\n- **Smoothness**: The surface is usually smooth, and the slices may have a slight gloss.\n\n### Visible Characteristics:\n- **Aging**: Depending on its type (mild or sharp), the cheese may exhibit slight variations in texture and flavor intensity.\n- **Moisture Content**: It may appear slightly moist but not overly wet, indicating a fresh product.\n- **Marbling**: There might be small pockets of creaminess or slight variations in color, indicating its composition.\n\nThis description provides a good basis for identifying and distinguishing Sliced Provolone Cheese."
  },
  {
    "url": "https://shop.kimelo.com/sku/cheese-mozzarella-fresh-loaf-sliced-61-lb-123535/123535",
    "title": "Cheese, Mozzarella, Fresh, Loaf, Sliced, 6/1 Lb - 123535",
    "brand": "Galbani",
    "sku": "123535",
    "upc": "123535",
    "image_urls": [
      "https://shop.kimelo.com/_next/image?url=https%3A%2F%2Fd3tlizm80tjdt4.cloudfront.net%2Fremote_images%2Fimage%2F1088%2Flarge%2Fc0df5ca042123710ef35ffe90fc7f45701e403fe8f928226a7.jpg&w=3840&q=60"
    ],
    "case_price": "",
    "each_price": "$38.68",
    "case_pack_size": "",
    "each_pack_size": "1 Item",
    "case_weight": "",
    "each_weight": "6 lbs",
    "case_dimensions": "",
    "each_dimensions": "L 1\" x W 1\" x H 1\"",
    "price_per_unit": "$6.45/LB",
    "category": [
      "Cheese",
      "Cheese Loaf"
    ],
    "related_items": [
      {
        "name": "Cheese, Mozzarella, Fresh, Ovoline, Galbani, 2/3 Lb - 123382",
        "brand": "Galbani",
        "price": "$34.67",
        "url": "https://shop.kimelo.com/sku/cheese-mozzarella-fresh-ovoline-galbani-23-lb-123382/123382"
      },
      {
        "name": "Cheese, Mozzarella, Fresh, Loaf, Thin Slice, 6/1 Lb - 112545",
        "brand": "Galbani",
        "price": "$34.55",
        "url": "https://shop.kimelo.com/sku/cheese-mozzarella-fresh-loaf-thin-slice-61-lb-112545/112545"
      }
    ],
    "others_you_may_like_urls": [],
    "image_description": "This cheese product is **Fresh Mozzarella** and is presented in a pre-sliced format. \n\n### Appearance:\n- The cheese has a pale, creamy white color with a somewhat glossy exterior.\n- Each slice is typically round or oval in shape, showcasing a smooth surface.\n- The packaging often includes visual elements that suggest its Italian heritage, which can include imagery of cows or fields, emphasizing its natural origin.\n\n### Texture:\n- Fresh mozzarella is known for its soft, slightly springy texture, which becomes creamy when bitten into.\n- The slices are moist and slightly elastic, indicative of a fresh cheese that retains some moisture.\n- When cut, the cheese may show a smooth, uniform interior, and it has a characteristic stretchiness when pulled apart.\n\n### Visible Characteristics:\n- The cheese is often stored in a brine solution or whey, which helps maintain its moisture and freshness.\n- There may be a subtle sheen on the surface due to this brining, and it can sometimes appear slightly glistening.\n- Fresh mozzarella is typically free from any rind and lacks the aged look that many other cheeses may have.\n\nThis particular type of mozzarella is commonly used in salads, sandwiches, and a variety of dishes, prized for its mild flavor and creamy consistency."
  },
  {
    "url": "https://shop.kimelo.com/sku/cheese-feta-rbst-free-estia-24-lb-124006/124006",
    "title": "Cheese, Feta, Rbst Free, Estia, 24 Lb 124006",
    "brand": "Estia",
    "sku": "124006",
    "upc": "124006",
    "image_urls": [
      "https://shop.kimelo.com/_next/image?url=https%3A%2F%2Fd3tlizm80tjdt4.cloudfront.net%2Fremote_images%2Fimage%2F2271%2Flarge%2F79a278b0bb043cafc23eebbc712c9a5ee92757d63112278306.jpg&w=3840&q=60"
    ],
    "case_price": "",
    "each_price": "$110.02",
    "case_pack_size": "",
    "each_pack_size": "1 Item",
    "case_weight": "",
    "each_weight": "24 lbs",
    "case_dimensions": "",
    "each_dimensions": "L 1\" x W 1\" x H 1\"",
    "price_per_unit": "$4.58/LB",
    "category": [
      "Cheese",
      "Specialty Cheese"
    ],
    "related_items": [
      {
        "name": "Cheese, Feta, French, Pail, Valbreso, 18 Lb Avg - 123797",
        "brand": "Valbreso",
        "price": "$125.10",
        "url": "https://shop.kimelo.com/sku/cheese-feta-french-pail-valbreso-18-lb-avg-123797/123797"
      },
      {
        "name": "Cheese, Feta, Bulgarian, In Brine, 1/7 Kg - 106845",
        "brand": "Atalanta",
        "price": "$72.00",
        "url": "https://shop.kimelo.com/sku/cheese-feta-bulgarian-in-brine-17-kg-106845/106845"
      }
    ],
    "others_you_may_like_urls": [
      "https://shop.kimelo.com/sku/cheese-mozzarella-fresh-loaf-sliced-61-lb-123535/123535",
      "https://shop.kimelo.com/sku/cheese-ricotta-4-5lb-108718/108718",
      "https://shop.kimelo.com/sku/cheese-feta-sheepgoat-imported-ziria-14-kg-124111/124111",
      "https://shop.kimelo.com/sku/cheese-mascarpone-tub-belgioioso-4-5-lb-107599/107599",
      "https://shop.kimelo.com/sku/cheese-mozzarella-fresh-ovoline-galbani-23-lb-123382/123382",
      "https://shop.kimelo.com/sku/cheese-feta-crumbles-president-25-lb-123341/123341",
      "https://shop.kimelo.com/sku/cheese-queso-fresco-casero-bulk-12-lbs-112596/112596",
      "https://shop.kimelo.com/sku/cheese-mozzarella-fresh-loaf-thin-slice-61-lb-112545/112545",
      "https://shop.kimelo.com/sku/cheese-feta-in-brine-pail-2-8-lb-124284/124284",
      "https://shop.kimelo.com/sku/cheese-goat-chefs-chevre-tub-2-4-lb-103638/103638"
    ],
    "image_description": "The cheese product in question is labeled \"Greek Style Feta Cheese\" and comes in a large white bucket. Here are the details regarding its appearance, texture, and characteristics:\n\n### Appearance:\n- **Packaging**: The cheese is stored in a white, sealed bucket that usually has a sturdy handle, making it easy to transport. The bucket features a label with blue accents, indicating it is \"Greek Style Feta Cheese,\" and includes branding as well as storage instructions.\n- **Color**: Feta cheese typically has a white to slightly off-white hue, recognizable for its clean, bright appearance.\n- **Size and Shape**: Traditionally, feta cheese is sold in blocks or crumbled pieces; however, being in a bucket suggests it may be stored in brine, potentially in larger chunks or as crumbled cheese mixed with the liquid.\n\n### Texture:\n- **Consistency**: Feta cheese is known for its crumbly yet creamy texture. When pressed, it can break apart easily but also retains some moisture due to the brine.\n- **Moisture**: The presence of brine indicates a moist texture, helping maintain the cheese's softness and enhancing its flavor.\n\n### Characteristics:\n- **Flavor**: Greek-style feta has a tangy, salty flavor due to the brining process. The taste can vary from mild to strong, depending on the aging process and the specific recipe.\n- **Visible Crystals**: Sometimes, feta cheese can exhibit small white crystals, indicative of"
  },
  {
    "url": "https://shop.kimelo.com/sku/cheese-monterey-jack-shredded-fancy-4-5-lb-108930/108930",
    "title": "Cheese, Monterey Jack, Shredded, Fancy, (4) 5 Lb - 108930",
    "brand": "Cheswick",
    "sku": "108930",
    "upc": "108930",
    "image_urls": [
      "https://shop.kimelo.com/_next/image?url=https%3A%2F%2Fd3tlizm80tjdt4.cloudfront.net%2Fimage%2F7273%2Fimage%2Flg-4d088d5bc6e1ad3b9c8c1a90750d588d.jpg&w=3840&q=60",
      "https://shop.kimelo.com/_next/image?url=https%3A%2F%2Fd3tlizm80tjdt4.cloudfront.net%2Fimage%2F7274%2Fimage%2Flg-4bb5b2d24ea7f9564bd4a37a9e39543c.jpg&w=3840&q=60"
    ],
    "case_price": "$65.04",
    "each_price": "$16.26",
    "case_pack_size": "4 Eaches",
    "each_pack_size": "1 Item",
    "case_weight": "5 lbs",
    "each_weight": "1.25 lbs",
    "case_dimensions": "L 1\" x W 1\" x H 1\"",
    "each_dimensions": "L 1\" x W 1\" x H 1\"",
    "price_per_unit": "$3.25/LB",
    "category": [
      "Cheese",
      "Shredded Cheese"
    ],
    "related_items": [
      {
        "name": "Cheese, Monterey Jack, Block, 40 Lb Avg - 103562",
        "brand": "Packer",
        "price": "$112.00",
        "url": "https://shop.kimelo.com/sku/cheese-monterey-jack-block-40-lb-avg-103562/103562"
      },
      {
        "name": "Cheese, Monterey Jack, Sliced, (8) 1.5 Lb - 103599",
        "brand": "Cheese Crafters",
        "price": "$5.97",
        "url": "https://shop.kimelo.com/sku/cheese-monterey-jack-sliced-8-15-lb-103599/103599"
      }
    ],
    "others_you_may_like_urls": [
      "https://shop.kimelo.com/sku/cheese-cheddar-mild-loaf-8-5-lb-103670/103670",
      "https://shop.kimelo.com/sku/cheese-cheddar-sharp-slcd-interleaf-075-oz-8-103603/103603",
      "https://shop.kimelo.com/sku/butter-solids-european-unsalted-36-1-lb-103494/103494",
      "https://shop.kimelo.com/sku/cheese-swiss-sliced-8-15-lb-103602/103602",
      "https://shop.kimelo.com/sku/cheese-pepper-jack-loaf-8-103672/103672",
      "https://shop.kimelo.com/sku/cheese-blend-mozz-wm-ps-premio-shred-65-lb-112492/112492",
      "https://shop.kimelo.com/sku/cheese-asiago-shredded-6-5-lb-111711/111711",
      "https://shop.kimelo.com/sku/cheese-parmesan-shaved-4-5-lb-106816/106816",
      "https://shop.kimelo.com/sku/cheese-provolone-sliced-8-15-lb-103601/103601",
      "https://shop.kimelo.com/sku/cheese-5-blend-moz-wmlmlmpsprovparmroma-65-lb-123784/123784",
      "https://shop.kimelo.com/sku/cheese-pepperjack-feather-shred-45-lb-123794/123794",
      "https://shop.kimelo.com/sku/cheese-shredded-jack-cheddar-blend-fancy-4-5-lb-103664/103664",
      "https://shop.kimelo.com/sku/cheese-cheddar-shredded-fancy-mild-4-106832/106832",
      "https://shop.kimelo.com/sku/cheese-monterey-jack-loaf-2-5-lb-107600/107600",
      "https://shop.kimelo.com/sku/cheese-cheddar-mild-sliced-8-103600/103600",
      "https://shop.kimelo.com/sku/cheese-cheddar-medium-loaf-2-5lb-106815/106815"
    ],
    "image_description": "The cheese product in question is identified as \"Cheshire Jack Cheese,\" which typically has distinct characteristics:\n\n### Appearance:\n- **Color**: Cheshire Jack Cheese often showcases a creamy yellow to pale orange hue, but specifics can vary based on the production methods and aging process.\n- **Shape**: It\u2019s usually presented in block form or as slices, depending on packaging and intended use.\n- **Surface**: The surface may appear smooth, possibly with a slight gloss depending on its moisture content.\n\n### Texture:\n- **Feel**: The texture is semi-soft to semi-firm, making it easy to slice or shred.\n- **Mouthfeel**: When tasted, it generally has a creamy and slightly buttery mouthfeel, with a pliability that makes it pleasant to eat.\n\n### Characteristics:\n- **Aroma**: Expect a mild, slightly nutty aroma that becomes more pronounced with age.\n- **Taste**: The flavor profile is mild and creamy, with hints of sweetness and a very subtle tang, particularly in younger varieties.\n- **Maturity**: Over time, the flavor can develop more complexity, making older versions more robust.\n\nThese identifiers can help distinguish Cheshire Jack Cheese from other types of cheese, especially in terms of its mild flavor, semi-soft texture, and appealing appearance."
  },
  {
    "url": "https://shop.kimelo.com/sku/cheese-monterey-jack-shredded-feather-45-lb-125786/125786",
    "title": "Cheese, Monterey Jack, Shredded, Feather, 4/5 Lb 125786",
    "brand": "Packer",
    "sku": "125786",
    "upc": "125786",
    "image_urls": [
      "https://shop.kimelo.com/_next/image?url=https%3A%2F%2Fd3tlizm80tjdt4.cloudfront.net%2Fremote_images%2Fimage%2F7236%2Flarge%2Fafafc0740b42bdcbb1f8e0b79e7b2392c6e301a7ce897ba563.jpg&w=3840&q=60",
      "https://shop.kimelo.com/_next/image?url=https%3A%2F%2Fd3tlizm80tjdt4.cloudfront.net%2Fremote_images%2Fimage%2F7241%2Flarge%2Feeb2321b3778d9e5c25730e15f4fda682d62b08150f339385e.jpg&w=3840&q=60"
    ],
    "case_price": "",
    "each_price": "$53.01",
    "case_pack_size": "",
    "each_pack_size": "1 Item",
    "case_weight": "",
    "each_weight": "20 lbs",
    "case_dimensions": "",
    "each_dimensions": "L 1\" x W 1\" x H 1\"",
    "price_per_unit": "$2.65/LB",
    "category": [
      "Cheese",
      "Sliced Cheese"
    ],
    "related_items": [
      {
        "name": "",
        "brand": "",
        "price": "",
        "url": "https://shop.kimelo.com/sku/cheese-swiss-sliced-8-15-lb-103602/103602"
      },
      {
        "name": "",
        "brand": "",
        "price": "",
        "url": "https://shop.kimelo.com/sku/cheese-cheddar-sharp-white-10-lb-111680/111680"
      }
    ],
    "others_you_may_like_urls": [
      "https://shop.kimelo.com/sku/cheese-monterey-jack-sliced-8-15-lb-103599/103599",
      "https://shop.kimelo.com/sku/cheese-halloumi-tradition-greek-import-4088-oz-124144/124144",
      "https://shop.kimelo.com/sku/cheese-swiss-sliced-processed-120-ct-4-5-lb-100014/100014",
      "https://shop.kimelo.com/sku/cheese-paneer-gopi-1514-oz-124005/124005",
      "https://shop.kimelo.com/sku/cheese-american-120-slice-yellow-4-5-lb-103674/103674",
      "https://shop.kimelo.com/sku/cheese-pecorino-romano-14-lb-124109/124109",
      "https://shop.kimelo.com/sku/cheese-jack-pepper-sliced-8-15-lb-124829/124829"
    ],
    "image_description": "This cheese product appears to be shredded cheese, likely packaged in a transparent plastic bag. \n\n**Appearance:**\n- The cheese is a light yellow or pale color, suggesting it may be a type such as mozzarella, cheddar, or a blend.\n- The shreds are fine and uniform, which is typical for shredded cheese meant to melt easily over dishes.\n\n**Texture:**\n- The texture is likely soft and pliable, providing a slight elasticity when handled.\n- The shreds appear to be loose and may have a dusting of anti-caking agents to prevent clumping, giving it a dry, powdery finish.\n\n**Visible Characteristics:**\n- The shreds are of varying lengths and widths, which is characteristic of pre-shredded cheese.\n- There are no visible holes or curds, indicating it's not a block cheese.\n- The packaging suggests it is pre-prepared for convenience, making it suitable for quick cooking or as a topping for various dishes.\n\nThis type of cheese is typically used for melting in recipes like pizzas, casseroles, or as a topping for salads and various dishes."
  },
  {
    "url": "https://shop.kimelo.com/sku/cheese-swiss-sliced-8-15-lb-103602/103602",
    "title": "Cheese, Swiss, Sliced, (8) 1.5 Lb - 103602",
    "brand": "California Select Farms",
    "sku": "103602",
    "upc": "103602",
    "image_urls": [
      "https://shop.kimelo.com/_next/image?url=https%3A%2F%2Fd3tlizm80tjdt4.cloudfront.net%2Fimage%2F8967%2Fimage%2Flg-d6e5cb0ed06261f3fb65d632b2b4d0b2.jpeg&w=3840&q=60"
    ],
    "case_price": "$64.96",
    "each_price": "$8.12",
    "case_pack_size": "8 Eaches",
    "each_pack_size": "1 Item",
    "case_weight": "1.5 lbs",
    "each_weight": "0.1875 lbs",
    "case_dimensions": "L 1\" x W 1\" x H 1\"",
    "each_dimensions": "L 1\" x W 1\" x H 1\"",
    "price_per_unit": "$5.41/LB",
    "category": [
      "Cheese",
      "Sliced Cheese"
    ],
    "related_items": [
      {
        "name": "",
        "brand": "",
        "price": "",
        "url": "https://shop.kimelo.com/sku/cheese-pecorino-romano-14-lb-124109/124109"
      },
      {
        "name": "",
        "brand": "",
        "price": "",
        "url": "https://shop.kimelo.com/sku/cheese-cream-loaf-philadelphia-6-3-lb-103663/103663"
      }
    ],
    "others_you_may_like_urls": [
      "https://shop.kimelo.com/sku/cheese-kefalotyri-hard-wheel-greek-import-18-lb-avg-124125/124125",
      "https://shop.kimelo.com/sku/cheese-swiss-sliced-processed-120-ct-4-5-lb-100014/100014",
      "https://shop.kimelo.com/sku/cheese-halloumi-tradition-greek-import-4088-oz-124144/124144",
      "https://shop.kimelo.com/sku/cheese-american-120-slice-yellow-4-5-lb-103674/103674",
      "https://shop.kimelo.com/sku/cheese-pepper-jack-loaf-8-103672/103672",
      "https://shop.kimelo.com/sku/cheese-monterey-jack-sliced-8-15-lb-103599/103599",
      "https://shop.kimelo.com/sku/cheese-provolone-sliced-8-15-lb-103601/103601",
      "https://shop.kimelo.com/sku/cheese-jack-pepper-sliced-8-15-lb-124829/124829",
      "https://shop.kimelo.com/sku/cheese-paneer-gopi-1514-oz-124005/124005",
      "https://shop.kimelo.com/sku/cheese-gruyere-imported-loaf-2-5-lb-108978/108978"
    ],
    "image_description": "This cheese product is identified as Swiss cheese, known for its distinctive characteristics. \n\n### Appearance:\n- **Color:** The cheese typically has a pale yellow to cream color, indicating a mild flavor profile.\n- **Shape:** It is packaged in a block form, which has been sliced for convenience.\n- **Holes:** A defining feature of Swiss cheese is the presence of holes, or \"eyes,\" which are formed during the cheese-making process due to gas released by bacteria. \n\n### Texture:\n- **Smoothness:** The surface appears smooth, and the texture is semi-firm yet slightly elastic, typical for Swiss varieties. \n- **Slice Thickness:** Each slice is relatively uniform, showcasing a clean cut, making it easy to layer or use in sandwiches.\n\n### Visible Characteristics:\n- **Packaging:** The product is sealed in plastic, which helps maintain freshness. The label provides additional information, including branding and nutritional facts.\n- **Label Elements:** The label prominently states \"California Select Farms,\" and \"Swiss Cheese,\" highlighting its origin and type. \n\nOverall, the combination of color, texture, and characteristic holes make this cheese easily identifiable as Swiss cheese, known for its mild, nutty flavor and versatility in cooking and snacking."
  },
  {
    "url": "https://shop.kimelo.com/sku/cheese-goat-chefs-chevre-tub-2-4-lb-103638/103638",
    "title": "Cheese, Goat, Chefs, Chevre, Tub, (2) 4 Lb - 103638",
    "brand": "Laura Chenel",
    "sku": "103638",
    "upc": "103638",
    "image_urls": [
      "https://shop.kimelo.com/_next/image?url=https%3A%2F%2Fd3tlizm80tjdt4.cloudfront.net%2Fremote_images%2Fimage%2F7584%2Flarge%2F5b9e93bbef2346a56d1a208ca661d2515f787cc473465853f6.jpg&w=3840&q=60"
    ],
    "case_price": "$75.32",
    "each_price": "$37.66",
    "case_pack_size": "2 Eaches",
    "each_pack_size": "1 Item",
    "case_weight": "4 lbs",
    "each_weight": "2 lbs",
    "case_dimensions": "L 1\" x W 1\" x H 1\"",
    "each_dimensions": "L 1\" x W 1\" x H 1\"",
    "price_per_unit": "$9.42/LB",
    "category": [
      "Cheese",
      "Specialty Cheese"
    ],
    "related_items": [
      {
        "name": "Cheese, Goat, Crumbled, 2/2 Lb - 123365",
        "brand": "President",
        "price": "$33.40",
        "url": "https://shop.kimelo.com/sku/cheese-goat-crumbled-22-lb-123365/123365"
      }
    ],
    "others_you_may_like_urls": [
      "https://shop.kimelo.com/sku/cheese-feta-rbst-free-estia-24-lb-124006/124006",
      "https://shop.kimelo.com/sku/cheese-feta-sheepgoat-imported-ziria-14-kg-124111/124111",
      "https://shop.kimelo.com/sku/cheese-mascarpone-tub-belgioioso-4-5-lb-107599/107599",
      "https://shop.kimelo.com/sku/cheese-feta-crumbles-president-25-lb-123341/123341",
      "https://shop.kimelo.com/sku/butter-unsalted-sheets-isigny-non-aop-1022-lb-123665/123665",
      "https://shop.kimelo.com/sku/cheese-queso-fresco-casero-bulk-12-lbs-112596/112596",
      "https://shop.kimelo.com/sku/cheese-feta-in-brine-pail-2-8-lb-124284/124284"
    ],
    "image_description": "The cheese product in the image appears to be a tub of goat cheese, specifically labeled as \"Chef's Ch\u00e8vre.\" \n\n### Appearance\n- **Container**: It comes in a plain white plastic tub with a round lid. \n- **Label**: The lid features a decorative label with a rustic design that includes the name \"Laura Chenel\u2019s Ch\u00e8vre\" along with a depiction of a goat, typical for goat cheese products.\n\n### Texture\n- **Consistency**: The cheese is likely creamy and spreadable, a common characteristic of ch\u00e8vre.\n- **Surface**: While the surface isn't visible inside the tub, goat cheeses generally have a smooth texture that can become slightly crumbly as they age.\n\n### Characteristics\n- **Color**: Goat cheese usually has a pale white to off-white color.\n- **Taste**: While not directly visible, ch\u00e8vre typically has a tangy, slightly tart flavor, which is one of the distinguishing elements of goat cheese.\n- **Cooking Use**: This type of cheese is often used in salads, spreads, or as a complement to various dishes, highlighting its versatility in culinary applications.\n\nOverall, this cheese product is easily identifiable as a type of goat cheese, commonly used by chefs for its rich flavor and creamy texture."
  },
  {
    "url": "https://shop.kimelo.com/sku/cheese-goat-crumbled-22-lb-123365/123365",
    "title": "Cheese, Goat, Crumbled, 2/2 Lb - 123365",
    "brand": "President",
    "sku": "123365",
    "upc": "123365",
    "image_urls": [
      "https://shop.kimelo.com/_next/image?url=https%3A%2F%2Fd3tlizm80tjdt4.cloudfront.net%2Fremote_images%2Fimage%2F1031%2Flarge%2F387516d4abcf37b7ca3ef82e69e206b82fc547d556e5108c90.jpg&w=3840&q=60"
    ],
    "case_price": "",
    "each_price": "$33.40",
    "case_pack_size": "",
    "each_pack_size": "1 Item",
    "case_weight": "",
    "each_weight": "4 lbs",
    "case_dimensions": "",
    "each_dimensions": "L 1\" x W 1\" x H 1\"",
    "price_per_unit": "$8.35/LB",
    "category": [
      "Cheese",
      "Specialty Cheese"
    ],
    "related_items": [
      {
        "name": "Cheese, Goat, Chefs, Chevre, Tub, (2) 4 Lb - 103638",
        "brand": "Laura Chenel",
        "price": "$37.66",
        "url": "https://shop.kimelo.com/sku/cheese-goat-chefs-chevre-tub-2-4-lb-103638/103638"
      }
    ],
    "others_you_may_like_urls": [
      "https://shop.kimelo.com/sku/cheese-mozzarella-fresh-loaf-sliced-61-lb-123535/123535",
      "https://shop.kimelo.com/sku/cheese-feta-rbst-free-estia-24-lb-124006/124006",
      "https://shop.kimelo.com/sku/cheese-queso-fresco-casero-bulk-12-lbs-112596/112596",
      "https://shop.kimelo.com/sku/cheese-feta-crumbles-president-25-lb-123341/123341",
      "https://shop.kimelo.com/sku/cheese-feta-in-brine-pail-2-8-lb-124284/124284",
      "https://shop.kimelo.com/sku/cheese-feta-sheepgoat-imported-ziria-14-kg-124111/124111",
      "https://shop.kimelo.com/sku/cheese-mascarpone-tub-belgioioso-4-5-lb-107599/107599"
    ],
    "image_description": "The cheese product in the image is crumbled goat cheese. Here are the detailed characteristics:\n\n### Appearance\n- **Color**: The cheese is predominantly white, reflecting its fresh and soft nature.\n- **Form**: It is presented in a crumbled format, with small, irregular pieces that vary in size, making it easy to sprinkle or incorporate into dishes.\n\n### Texture\n- **Feel**: The texture appears soft and slightly crumbly, which is typical for goat cheese. Each piece likely has a light, airy quality.\n- **Moisture**: There is probably a slight moisture content, contributing to a creamy mouthfeel when consumed.\n\n### Additional Characteristics\n- **Visible Features**: There might be slight variations in size and shape among the crumbles, indicating the cheese has been broken rather than uniformly processed.\n- **Aroma**: While not visible, goat cheese often has a distinct tangy scent, which is characteristic of the milk used.\n\n### Identification\nThis product is easily identifiable as goat cheese due to its creamy texture and flavor profile, which is often more tangy than cow's milk cheeses. It\u2019s versatile and can be used in a variety of dishes including salads, pizzas, and spreads."
  },
  {
    "url": "https://shop.kimelo.com/sku/cheese-cream-bulk-30-lb-103662/103662",
    "title": "Cheese, Cream, Bulk, 30 Lb - 103662",
    "brand": "Packer",
    "sku": "103662",
    "upc": "103662",
    "image_urls": [
      "https://shop.kimelo.com/_next/image?url=https%3A%2F%2Fd3tlizm80tjdt4.cloudfront.net%2Fremote_images%2Fimage%2F7674%2Flarge%2F98e19ce5d68df60afef90499d09ce9de94dd08f8df11ecafbd.jpg&w=3840&q=60",
      "https://shop.kimelo.com/_next/image?url=https%3A%2F%2Fd3tlizm80tjdt4.cloudfront.net%2Fimage%2F6409%2Fimage%2Flg-b7e0fe148b1bf0b2b825a73d87019a10.jpg&w=3840&q=60"
    ],
    "case_price": "",
    "each_price": "$70.05",
    "case_pack_size": "",
    "each_pack_size": "1 Item",
    "case_weight": "",
    "each_weight": "30.98 lbs",
    "case_dimensions": "",
    "each_dimensions": "L 1\" x W 1\" x H 1\"",
    "price_per_unit": "$2.34/LB",
    "category": [
      "Cheese",
      "Cream Cheese"
    ],
    "related_items": [
      {
        "name": "Cheese, Cream, Loaf, Philadelphia, (6) 3 Lb - 103663",
        "brand": "Philadelphia",
        "price": "$16.13",
        "url": "https://shop.kimelo.com/sku/cheese-cream-loaf-philadelphia-6-3-lb-103663/103663"
      },
      {
        "name": "Cheese, Cream, Loaf, 10/3 Lb - 112699",
        "brand": "Raskas",
        "price": "$85.56",
        "url": "https://shop.kimelo.com/sku/cheese-cream-loaf-103-lb-112699/112699"
      }
    ],
    "others_you_may_like_urls": [
      "https://shop.kimelo.com/sku/cheese-cheddar-mild-loaf-8-5-lb-103670/103670",
      "https://shop.kimelo.com/sku/cheese-cheddar-shredded-fancy-mild-4-106832/106832",
      "https://shop.kimelo.com/sku/cheese-cheddar-sharp-slcd-interleaf-075-oz-8-103603/103603",
      "https://shop.kimelo.com/sku/cheese-gruyere-imported-loaf-2-5-lb-108978/108978",
      "https://shop.kimelo.com/sku/cheese-cheddar-mild-sliced-8-103600/103600",
      "https://shop.kimelo.com/sku/cheese-cheddar-medium-loaf-2-5lb-106815/106815",
      "https://shop.kimelo.com/sku/cheese-provolone-sliced-8-15-lb-103601/103601"
    ],
    "image_description": "The cheese product shown is labeled as \"Cultured Cream Cheese\" from Hahn's, produced by Franklin Foods. Here are the details based on its packaging:\n\n### Appearance\n- **Packaging**: The cheese is sold in a large cardboard box, indicating that it contains a bulk quantity (30 lbs or 13.6 kg). The box features a simple design with black text and a small illustration of a chef.\n- **Labeling**: The front prominently states \"Hahn's Cultured Cream Cheese\" and includes the phrase \"Great Chefs Trust Hahn's.\" \n\n### Texture\n- **Creamy Consistency**: Cream cheese typically has a smooth and creamy texture, which should be spreadable but firm. It\u2019s often used in cooking, spreading, or as a base for dips.\n- **Stabilizers**: The ingredients mention stabilizers like xanthan and locust bean gum, which contribute to the creamy and stable texture, preventing separation.\n\n### Characteristics\n- **Color**: While the exact color isn\u2019t visible from the packaging, cream cheese usually has a pale white to off-white hue.\n- **Taste Profile**: Cream cheese is mild in flavor with a slight tang, due to the culturing process. It is rich and creamy, making it versatile for both sweet and savory applications.\n- **Ingredients**: The ingredients listed include pasteurized cultured milk and cream, which are common in cream cheese production. They also mention salt, contributing to the overall flavor profile.\n\n"
  },
  {
    "url": "https://shop.kimelo.com/sku/cheese-paneer-gopi-1514-oz-124005/124005",
    "title": "Cheese, Paneer, Gopi, 15/14 Oz 124005",
    "brand": "Gopi",
    "sku": "124005",
    "upc": "124005",
    "image_urls": [
      "https://shop.kimelo.com/_next/image?url=https%3A%2F%2Fd3tlizm80tjdt4.cloudfront.net%2Fremote_images%2Fimage%2F1912%2Flarge%2F9fedfa86856f694495ffc5c66e8e7694fce7af752bf83412da.jpg&w=3840&q=60"
    ],
    "case_price": "",
    "each_price": "$94.00",
    "case_pack_size": "",
    "each_pack_size": "1 Item",
    "case_weight": "",
    "each_weight": "13.12 lbs",
    "case_dimensions": "",
    "each_dimensions": "L 1\" x W 1\" x H 1\"",
    "price_per_unit": "$7.23/LB",
    "category": [
      "Cheese",
      "Sliced Cheese"
    ],
    "related_items": [
      {
        "name": "",
        "brand": "",
        "price": "",
        "url": "https://shop.kimelo.com/sku/cheese-monterey-jack-block-40-lb-avg-103562/103562"
      },
      {
        "name": "",
        "brand": "",
        "price": "",
        "url": "https://shop.kimelo.com/sku/cheese-cheddar-medium-loaf-2-5lb-106815/106815"
      }
    ],
    "others_you_may_like_urls": [
      "https://shop.kimelo.com/sku/cheese-provolone-sliced-8-15-lb-103601/103601",
      "https://shop.kimelo.com/sku/cheese-halloumi-tradition-greek-import-4088-oz-124144/124144",
      "https://shop.kimelo.com/sku/cheese-gruyere-imported-loaf-2-5-lb-108978/108978",
      "https://shop.kimelo.com/sku/cheese-american-120-slice-yellow-4-5-lb-103674/103674",
      "https://shop.kimelo.com/sku/cheese-swiss-sliced-processed-120-ct-4-5-lb-100014/100014",
      "https://shop.kimelo.com/sku/cheese-pecorino-romano-14-lb-124109/124109",
      "https://shop.kimelo.com/sku/cheese-swiss-sliced-8-15-lb-103602/103602"
    ],
    "image_description": "This cheese product is paneer, a type of fresh cheese commonly used in Indian cuisine. Here are the detailed attributes:\n\n### Appearance\n- **Color:** The paneer has a soft white to pale yellow color.\n- **Shape:** Typically shaped in a rectangular or square block.\n- **Packaging:** The product is wrapped in transparent plastic, showcasing its smooth exterior.\n- **Labeling:** Features a bright blue label with bold lettering, indicating the brand \"Gopi\" and the type of cheese, \"Paneer.\"\n\n### Texture\n- **Consistency:** Paneer has a firm yet supple texture, making it easy to slice and cube.\n- **Mouthfeel:** When bitten into, it has a slightly crumbly texture but holds together well, not melting like some cheeses.\n\n### Characteristics\n- **Smell:** Mild and milky fragrance, distinctive from aged or fermented cheeses.\n- **Taste:** Mild, slightly tangy flavor that makes it versatile for both savory and sweet dishes.\n- **Versatility:** Paneer does not melt upon cooking, allowing it to maintain its shape in various dishes such as curries or grilled preparations.\n\nThese attributes make paneer easily identifiable and a popular choice in many culinary applications."
  },
  {
    "url": "https://shop.kimelo.com/sku/cheese-swiss-loaf-grade-a-8-lb-avg-6/374191",
    "title": "Cheese, Swiss, Loaf, Grade A, 8 Lb Avg (6)",
    "brand": "Pacific Cheese",
    "sku": "374191",
    "upc": "374191",
    "image_urls": [
      "https://shop.kimelo.com/_next/image?url=https%3A%2F%2Fd3tlizm80tjdt4.cloudfront.net%2Fremote_images%2Fimage%2F8356%2Flarge%2F805ab09df93ab924067435aecae84999d56a5a44168dbf2c14.jpg&w=3840&q=60"
    ],
    "case_price": "$201.60",
    "each_price": "$33.60",
    "case_pack_size": "6 Eaches",
    "each_pack_size": "1 Item",
    "case_weight": "48 lbs",
    "each_weight": "8 lbs",
    "case_dimensions": "L 1\" x W 1\" x H 1\"",
    "each_dimensions": "L 1\" x W 1\" x H 1\"",
    "price_per_unit": "$4.20/LB",
    "category": [
      "Cheese",
      "Sliced Cheese"
    ],
    "related_items": [
      {
        "name": "",
        "brand": "",
        "price": "",
        "url": "https://shop.kimelo.com/sku/cheese-cheddar-sharp-white-10-lb-111680/111680"
      },
      {
        "name": "",
        "brand": "",
        "price": "",
        "url": "https://shop.kimelo.com/sku/cheese-swiss-sliced-8-15-lb-103602/103602"
      }
    ],
    "others_you_may_like_urls": [
      "https://shop.kimelo.com/sku/cheese-jack-pepper-sliced-8-15-lb-124829/124829",
      "https://shop.kimelo.com/sku/cheese-paneer-gopi-1514-oz-124005/124005",
      "https://shop.kimelo.com/sku/cheese-halloumi-tradition-greek-import-4088-oz-124144/124144",
      "https://shop.kimelo.com/sku/cheese-pecorino-romano-14-lb-124109/124109",
      "https://shop.kimelo.com/sku/cheese-swiss-sliced-processed-120-ct-4-5-lb-100014/100014",
      "https://shop.kimelo.com/sku/cheese-american-120-slice-yellow-4-5-lb-103674/103674",
      "https://shop.kimelo.com/sku/cheese-gruyere-imported-loaf-2-5-lb-108978/108978"
    ],
    "image_description": "This cheese product appears to be Swiss cheese, characterized by its pale yellow color and distinctive holes (or \"eyes\") spread throughout the cheese. \n\n### Appearance:\n- **Color**: A light, creamy yellow hue with a slightly glossy surface.\n- **Holes**: The cheese features various-sized holes, which are a hallmark of Swiss cheese, indicating the presence of beneficial bacteria used during the fermentation process.\n- **Shape**: The cheese is presented in a rectangular block form, typically wrapped in packaging that may include branding.\n\n### Texture:\n- **Consistency**: The texture is firm yet slightly elastic, allowing it to be sliced without crumbling but still soft enough to spread slightly if left at room temperature.\n- **Mouthfeel**: It is creamy, offering a smooth sensation when chewed, and the holes contribute to a unique texture contrast.\n\n### Characteristics:\n- **Flavor Profile**: Swiss cheese generally has a mild, slightly nutty flavor, with a subtle sweetness. The taste can vary slightly depending on the aging process.\n- **Aroma**: It may have a faint, pleasant, milky scent that is typical for this type of cheese.\n\nOverall, this cheese is easily identifiable due to its characteristic appearance and texture, making it a popular choice for sandwiches, cheese boards, and melting in various dishes."
  },
  {
    "url": "https://shop.kimelo.com/sku/cheese-pepper-jack-loaf-8-103672/103672",
    "title": "Cheese, Pepper Jack, Loaf (8) 103672",
    "brand": "Cheswick",
    "sku": "103672",
    "upc": "103672",
    "image_urls": [
      "https://shop.kimelo.com/_next/image?url=https%3A%2F%2Fd3tlizm80tjdt4.cloudfront.net%2Fimage%2F15256%2Fimage%2Flg-a6cbf9283485b39396c0e641b8fc37e2.png&w=3840&q=60",
      "https://shop.kimelo.com/_next/image?url=https%3A%2F%2Fd3tlizm80tjdt4.cloudfront.net%2Fimage%2F2240%2Fimage%2Flg-a592ddc5e99b6c3dff7c5914190d100d.png&w=3840&q=60"
    ],
    "case_price": "$139.76",
    "each_price": "$17.47",
    "case_pack_size": "8 Eaches",
    "each_pack_size": "1 Item",
    "case_weight": "5 lbs",
    "each_weight": "0.625 lbs",
    "case_dimensions": "L 1\" x W 1\" x H 1\"",
    "each_dimensions": "L 1\" x W 1\" x H 1\"",
    "price_per_unit": "$3.49/LB",
    "category": [
      "Cheese",
      "Cheese Loaf"
    ],
    "related_items": [
      {
        "name": "",
        "brand": "",
        "price": "",
        "url": "https://shop.kimelo.com/sku/cheese-monterey-jack-shredded-fancy-4-5-lb-108930/108930"
      },
      {
        "name": "",
        "brand": "",
        "price": "",
        "url": "https://shop.kimelo.com/sku/cheese-pepperjack-feather-shred-45-lb-123794/123794"
      },
      {
        "name": "Cheese, Monterey Jack, Loaf, (2) 5 Lb - 107600",
        "brand": "Packer",
        "price": "$18.45",
        "url": "https://shop.kimelo.com/sku/cheese-monterey-jack-loaf-2-5-lb-107600/107600"
      },
      {
        "name": "Cheese, Monterey Jack, Shredded, Fancy, (4) 5 Lb - 108930",
        "brand": "Cheswick",
        "price": "$16.26",
        "url": "https://shop.kimelo.com/sku/cheese-monterey-jack-shredded-fancy-4-5-lb-108930/108930"
      },
      {
        "name": "",
        "brand": "",
        "price": "",
        "url": "https://shop.kimelo.com/sku/cheese-pepperjack-feather-shred-45-lb-123794/123794"
      },
      {
        "name": "",
        "brand": "",
        "price": "",
        "url": "https://shop.kimelo.com/sku/cheese-monterey-jack-loaf-2-5-lb-107600/107600"
      },
      {
        "name": "",
        "brand": "",
        "price": "",
        "url": "https://shop.kimelo.com/sku/cheese-monterey-jack-shredded-fancy-4-5-lb-108930/108930"
      },
      {
        "name": "",
        "brand": "",
        "price": "",
        "url": "https://shop.kimelo.com/sku/cheese-pepperjack-feather-shred-45-lb-123794/123794"
      }
    ],
    "others_you_may_like_urls": [
      "https://shop.kimelo.com/sku/cheese-cheddar-mild-sliced-8-103600/103600",
      "https://shop.kimelo.com/sku/cheese-cheddar-shredded-fancy-mild-4-106832/106832",
      "https://shop.kimelo.com/sku/cheese-cheddar-sharp-slcd-interleaf-075-oz-8-103603/103603",
      "https://shop.kimelo.com/sku/cheese-swiss-sliced-8-15-lb-103602/103602",
      "https://shop.kimelo.com/sku/cheese-parmesan-shaved-4-5-lb-106816/106816",
      "https://shop.kimelo.com/sku/cheese-american-120-slice-yellow-4-5-lb-103674/103674",
      "https://shop.kimelo.com/sku/cheese-swiss-sliced-processed-120-ct-4-5-lb-100014/100014",
      "https://shop.kimelo.com/sku/cheese-provolone-sliced-8-15-lb-103601/103601",
      "https://shop.kimelo.com/sku/cheese-cream-loaf-philadelphia-6-3-lb-103663/103663",
      "https://shop.kimelo.com/sku/cheese-monterey-jack-sliced-8-15-lb-103599/103599",
      "https://shop.kimelo.com/sku/cheese-monterey-jack-block-40-lb-avg-103562/103562",
      "https://shop.kimelo.com/sku/cheese-cheddar-medium-loaf-2-5lb-106815/106815",
      "https://shop.kimelo.com/sku/cheese-cheddar-mild-loaf-8-5-lb-103670/103670"
    ],
    "image_description": "Based on the nutrition facts provided, here\u2019s a detailed description of the cheese product:\n\n### Appearance\n- **Color**: The cheese may have a yellow or orange hue, common in many cheese varieties, often derived from the milk or additional colorants like annatto.\n- **Shape**: Likely cut into cubes, the product is measured as an 86-inch cube, indicating it is sold in a block format.\n- **Surface**: The surface may appear smooth and glossy, or could have a slightly rugged texture depending on its aging process.\n\n### Texture\n- **Firmness**: Given its high fat and protein content, the cheese is probably very firm and dense, making it easy to slice but possibly resistant to melting.\n- **Creaminess**: The high fat content suggests a creamy mouthfeel, providing a rich and indulgent experience when eaten.\n- **Crumbly or Smooth**: Depending on the exact variety, it could either be creamy or slightly crumbly, particularly if it\u2019s aged.\n\n### Visible Characteristics\n- **Rind**: If the cheese has a rind, it could either be natural, with mold or a wax coating, or it might be completely rindless.\n- **Aging**: The cheese may show signs of aging, such as a deeper color at the edges or slight cracks, which can indicate a developed flavor profile.\n- **Flavor Notes**: The high fat and protein contents often correlate with a robust flavor, potentially rich, savory"
  },
  {
    "url": "https://shop.kimelo.com/sku/cheese-shredded-jack-cheddar-blend-feather-45-lb-125787/125787",
    "title": "Cheese, Shredded, Jack & Cheddar Blend, Feather, 4/5 Lb 125787",
    "brand": "Packer",
    "sku": "125787",
    "upc": "125787",
    "image_urls": [
      "https://shop.kimelo.com/_next/image?url=https%3A%2F%2Fd3tlizm80tjdt4.cloudfront.net%2Fremote_images%2Fimage%2F7242%2Flarge%2Fcb0b69a4a14b7f3f47507d69d9c888cd2c167f84504cdf3786.jpg&w=3840&q=60"
    ],
    "case_price": "",
    "each_price": "$55.56",
    "case_pack_size": "",
    "each_pack_size": "1 Item",
    "case_weight": "",
    "each_weight": "20 lbs",
    "case_dimensions": "",
    "each_dimensions": "L 1\" x W 1\" x H 1\"",
    "price_per_unit": "$2.78/LB",
    "category": [
      "Cheese",
      "Shredded Cheese"
    ],
    "related_items": [
      {
        "name": "",
        "brand": "",
        "price": "",
        "url": "https://shop.kimelo.com/sku/cheese-shredded-jack-cheddar-blend-fancy-4-5-lb-103664/103664"
      },
      {
        "name": "",
        "brand": "",
        "price": "",
        "url": "https://shop.kimelo.com/sku/cheese-cheddar-shredded-fancy-mild-4-106832/106832"
      }
    ],
    "others_you_may_like_urls": [
      "https://shop.kimelo.com/sku/cheese-monterey-jack-shredded-fancy-4-5-lb-108930/108930",
      "https://shop.kimelo.com/sku/cheese-5-blend-moz-wmlmlmpsprovparmroma-65-lb-123784/123784",
      "https://shop.kimelo.com/sku/cheese-asiago-shredded-6-5-lb-111711/111711",
      "https://shop.kimelo.com/sku/cheese-pepperjack-feather-shred-45-lb-123794/123794",
      "https://shop.kimelo.com/sku/cheese-blend-mozz-wm-ps-premio-shred-65-lb-112492/112492"
    ],
    "image_description": "The cheese product appears to be a blend of shredded cheeses, featuring both orange and white shreds. The orange strands suggest that one component might be a cheddar or a similar cheese, known for its strong flavor and vibrant color. The white strands likely indicate a milder cheese, perhaps mozzarella or a similar soft cheese, characterized by its stretchy quality.\n\nIn terms of texture, the shredded pieces are thin and elongated, which would make them easy to melt and incorporate into dishes. The surface might have a slight sheen, indicative of moisture content, and the cheese shreds seem uniform in size, suggesting they are pre-packaged and processed for convenience.\n\nVisually, the mix of orange and white cheese creates an appealing contrast, making it attractive for use in a variety of recipes such as pizzas, pastas, and baked dishes. The different colors also hint at a combination of flavors, where the sharper taste of the orange cheese can balance with the creaminess of the white cheese."
  },
  {
    "url": "https://shop.kimelo.com/sku/cheese-queso-fresco-casero-bulk-12-lbs-112596/112596",
    "title": "Cheese, Queso Fresco, Casero, Bulk 12 Lbs - 112596",
    "brand": "El Mexicano",
    "sku": "112596",
    "upc": "112596",
    "image_urls": [
      "https://shop.kimelo.com/_next/image?url=https%3A%2F%2Fd3tlizm80tjdt4.cloudfront.net%2Fimage%2F13392%2Fimage%2Flg-4f4b1f2a2b6c58feceadd656cd387ae6.png&w=3840&q=60"
    ],
    "case_price": "",
    "each_price": "$49.39",
    "case_pack_size": "",
    "each_pack_size": "1 Item",
    "case_weight": "",
    "each_weight": "12 lbs",
    "case_dimensions": "",
    "each_dimensions": "L 1\" x W 1\" x H 1\"",
    "price_per_unit": "$4.12/LB",
    "category": [
      "Cheese",
      "Specialty Cheese"
    ],
    "related_items": [
      {
        "name": "",
        "brand": "",
        "price": "",
        "url": "https://shop.kimelo.com/sku/cheese-mascarpone-tub-belgioioso-4-5-lb-107599/107599"
      },
      {
        "name": "",
        "brand": "",
        "price": "",
        "url": "https://shop.kimelo.com/sku/cheese-feta-in-brine-pail-2-8-lb-124284/124284"
      }
    ],
    "others_you_may_like_urls": [
      "https://shop.kimelo.com/sku/cheese-goat-crumbled-22-lb-123365/123365",
      "https://shop.kimelo.com/sku/cheese-feta-crumbles-president-25-lb-123341/123341",
      "https://shop.kimelo.com/sku/cheese-feta-sheepgoat-imported-ziria-14-kg-124111/124111"
    ],
    "image_description": "The cheese product shown is labeled as \"Queso Fresco Casero\" from the brand El Mexicano. \n\n### Appearance:\n- **Shape**: The cheese is round, with a smooth, slightly domed top.\n- **Color**: It has a bright white, fresh appearance, typical of fresh cheeses.\n- **Packaging**: The cheese is wrapped in a traditional style with a colorful label featuring green and red elements, likely indicative of its Mexican origin.\n\n### Texture:\n- **Consistency**: Queso fresco is characterized by a soft and crumbly texture. It may appear slightly moist due to its fresh nature.\n- **Cut**: When sliced or crumbled, it is easy to break apart, revealing a slightly grainy interior.\n\n### Visible Characteristics:\n- **Labeling**: The label states \"Whole Milk Cheese\" and emphasizes that it is \"100% Natural,\" suggesting a quality product without artificial ingredients.\n- **Additional Details**: The imagery on the label features cows and a rural landscape, reinforcing its traditional and authentic background.\n\nThis cheese is often used in Mexican cuisine, making it an excellent addition to dishes like tacos, enchiladas, and salads, or it can be enjoyed on its own."
  },
  {
    "url": "https://shop.kimelo.com/sku/cheese-cheddar-sharp-white-10-lb-111680/111680",
    "title": "Cheese, Cheddar, Sharp, White, 10 Lb - 111680",
    "brand": "Hoffman`s",
    "sku": "111680",
    "upc": "111680",
    "image_urls": [
      "https://shop.kimelo.com/_next/image?url=https%3A%2F%2Fd3tlizm80tjdt4.cloudfront.net%2Fimage%2F16001%2Fimage%2Flg-e32066e2e100ee7ba8be29d89fdd602c.png&w=3840&q=60",
      "https://shop.kimelo.com/_next/image?url=https%3A%2F%2Fd3tlizm80tjdt4.cloudfront.net%2Fimage%2F16002%2Fimage%2Flg-9e0ae775b22a351fb0cbce228d1c30e5.png&w=3840&q=60"
    ],
    "case_price": "",
    "each_price": "$41.88",
    "case_pack_size": "",
    "each_pack_size": "1 Item",
    "case_weight": "",
    "each_weight": "10 lbs",
    "case_dimensions": "",
    "each_dimensions": "L 1\" x W 1\" x H 1\"",
    "price_per_unit": "$4.19/LB",
    "category": [
      "Cheese",
      "Sliced Cheese"
    ],
    "related_items": [
      {
        "name": "Cheese, Cheddar, Mild, Sliced, (8) - 103600",
        "brand": "California Select Farms",
        "price": "$6.89",
        "url": "https://shop.kimelo.com/sku/cheese-cheddar-mild-sliced-8-103600/103600"
      },
      {
        "name": "Cheese, Cheddar, Medium, Loaf, (2) 5lb - 106815",
        "brand": "Tillamook",
        "price": "$30.08",
        "url": "https://shop.kimelo.com/sku/cheese-cheddar-medium-loaf-2-5lb-106815/106815"
      }
    ],
    "others_you_may_like_urls": [
      "https://shop.kimelo.com/sku/cheese-swiss-sliced-8-15-lb-103602/103602",
      "https://shop.kimelo.com/sku/cheese-monterey-jack-block-40-lb-avg-103562/103562",
      "https://shop.kimelo.com/sku/cheese-halloumi-tradition-greek-import-4088-oz-124144/124144",
      "https://shop.kimelo.com/sku/cheese-gruyere-imported-loaf-2-5-lb-108978/108978",
      "https://shop.kimelo.com/sku/cheese-paneer-gopi-1514-oz-124005/124005",
      "https://shop.kimelo.com/sku/cheese-swiss-sliced-processed-120-ct-4-5-lb-100014/100014",
      "https://shop.kimelo.com/sku/cheese-pecorino-romano-14-lb-124109/124109",
      "https://shop.kimelo.com/sku/cheese-american-120-slice-yellow-4-5-lb-103674/103674",
      "https://shop.kimelo.com/sku/cheese-cheddar-mild-loaf-8-5-lb-103670/103670"
    ],
    "image_description": "The cheese product is packaged in a cardboard box labeled \"Hoffman's Vermont White Cheddar.\" Here are some details based on the packaging:\n\n### Appearance\n- **Packaging**: The cheese comes in a standard rectangular cardboard box, which suggests that it is meant for bulk or commercial use.\n- **Labeling**: The box clearly states the type of cheese, \"Vermont White Cheddar,\" and includes storage instructions to \"keep refrigerated.\"\n\n### Texture\n- Since the cheese is not visible in the image, I cannot describe its actual texture. However, Vermont White Cheddar typically has a firm and somewhat crumbly texture, characteristic of aged cheddars. It may also be smooth when sliced.\n\n### Characteristics\n- **Color**: Although the box doesn\u2019t show the cheese itself, Vermont White Cheddar generally has a pale, creamy white to light yellow color.\n- **Aging**: The flavor profile can vary with age, typically becoming sharper and more complex the longer it is aged.\n\nThis type of cheddar is known for its robust flavor and is often used in various culinary applications, from cooking to cheese boards. The packaging indicates it is likely produced in a larger quantity, making it suitable for restaurants or food service use."
  },
  {
    "url": "https://shop.kimelo.com/sku/cheese-mozzarella-wmlm-shredded-red-label-65-lb-124189/124189",
    "title": "Cheese, Mozzarella, Wmlm, Shredded, Red Label, 6/5 Lb 124189",
    "brand": "Galbani",
    "sku": "124189",
    "upc": "124189",
    "image_urls": [
      "https://shop.kimelo.com/_next/image?url=https%3A%2F%2Fd3tlizm80tjdt4.cloudfront.net%2Fremote_images%2Fimage%2F2018%2Flarge%2Fb7125f67717482018020b2a3fd498eb79584f3541baf1bb901.jpg&w=3840&q=60"
    ],
    "case_price": "",
    "each_price": "$95.83",
    "case_pack_size": "",
    "each_pack_size": "1 Item",
    "case_weight": "",
    "each_weight": "30 lbs",
    "case_dimensions": "",
    "each_dimensions": "L 1\" x W 1\" x H 1\"",
    "price_per_unit": "$3.19/LB",
    "category": [
      "Cheese",
      "Specialty Cheese"
    ],
    "related_items": [
      {
        "name": "Cheese, Mozzarella, Fresh, Ovoline, Galbani, 2/3 Lb - 123382",
        "brand": "Galbani",
        "price": "$34.67",
        "url": "https://shop.kimelo.com/sku/cheese-mozzarella-fresh-ovoline-galbani-23-lb-123382/123382"
      }
    ],
    "others_you_may_like_urls": [
      "https://shop.kimelo.com/sku/cheese-queso-fresco-casero-bulk-12-lbs-112596/112596",
      "https://shop.kimelo.com/sku/cheese-mozzarella-fresh-loaf-thin-slice-61-lb-112545/112545",
      "https://shop.kimelo.com/sku/cheese-goat-chefs-chevre-tub-2-4-lb-103638/103638",
      "https://shop.kimelo.com/sku/cheese-blend-mozz-wm-ps-premio-shred-65-lb-112492/112492",
      "https://shop.kimelo.com/sku/appetizer-mozzarella-sticks-breaded-italian-43-lb-110439/110439",
      "https://shop.kimelo.com/sku/cheese-mozzarella-fresh-loaf-sliced-61-lb-123535/123535",
      "https://shop.kimelo.com/sku/cheese-cheddar-mild-loaf-8-5-lb-103670/103670",
      "https://shop.kimelo.com/sku/cheese-feta-crumbles-president-25-lb-123341/123341",
      "https://shop.kimelo.com/sku/cheese-mascarpone-tub-belgioioso-4-5-lb-107599/107599",
      "https://shop.kimelo.com/sku/cheese-parmesan-shaved-4-5-lb-106816/106816"
    ],
    "image_description": "The cheese product in question is shredded mozzarella cheese, specifically branded as Galbani. \n\n### Appearance:\nThe cheese is presented in a plastic packaging that typically features a maroon background, clearly labeling it as \"Shredded Mozzarella Cheese.\" The shredded pieces are long and thin, resembling noodle-like strands, which is characteristic of shredded mozzarella. The color of the cheese is a pale cream to light yellow, indicative of mozzarella varieties.\n\n### Texture:\nThe texture of the shredded mozzarella is soft and slightly elastic. The strands are flexible yet have a bit of firmness, contributing to a pleasing mouthfeel. When melted, mozzarella tends to become gooey and stretchy, making it ideal for dishes like pizzas and casseroles.\n\n### Visible Characteristics:\n- **Shredding**: The cheese is finely shredded, ensuring it melts evenly and incorporates well into recipes.\n- **Moisture**: Low moisture content is typically associated with shredded mozzarella, which helps it melt beautifully without excess water content.\n- **Nutritional Facts**: The packaging likely includes detailed nutrition information, which can provide insights into its calorie content and the balance of macronutrients, such as fat and protein.\n\nOverall, this shredded mozzarella cheese is easily identifiable by its appearance and texture, making it a versatile ingredient in various culinary applications."
  },
  {
    "url": "https://shop.kimelo.com/sku/cheese-mozzarella-lmwm-cali-gold-loaf-86-lb-125724/125724",
    "title": "Cheese, Mozzarella, Lmwm, Cali Gold, Loaf, 8/6 Lb 125724",
    "brand": "California Gold",
    "sku": "125724",
    "upc": "125724",
    "image_urls": [
      "https://shop.kimelo.com/_next/image?url=https%3A%2F%2Fd3tlizm80tjdt4.cloudfront.net%2Fremote_images%2Fimage%2F7214%2Flarge%2F41b9dc70ad46d4c0cccd5b382266a2a6c4b624473914254036.jpg&w=3840&q=60"
    ],
    "case_price": "",
    "each_price": "$104.08",
    "case_pack_size": "",
    "each_pack_size": "1 Item",
    "case_weight": "",
    "each_weight": "48 lbs",
    "case_dimensions": "",
    "each_dimensions": "L 1\" x W 1\" x H 1\"",
    "price_per_unit": "$2.17/LB",
    "category": [
      "Cheese",
      "Cheese Loaf"
    ],
    "related_items": [],
    "others_you_may_like_urls": [],
    "image_description": "The cheese product described is a whole milk, low-moisture mozzarella cheese. \n\n### Appearance\n- **Color**: It has a pale, creamy white to slightly off-white hue, typical of mozzarella cheese.\n- **Shape**: The cheese is presented in a rectangular block form, which is common for low-moisture mozzarella.\n- **Packaging**: It is packaged in a plastic wrapper with a label that includes nutritional information, indicating that it is ready for consumer use.\n\n### Texture\n- **Surface**: The surface of the cheese appears smooth and slightly glossy, reflecting its low moisture content.\n- **Firmness**: The cheese has a firmer texture compared to fresh mozzarella, making it easy to slice and grate.\n- **Mouthfeel**: When tasted, it is likely to have a mild, creamy mouthfeel, melting easily when heated.\n\n### Characteristics\n- **Smell**: It may carry a mild, slightly lactic aroma, typical of mozzarella.\n- **Taste**: The flavor is generally mild and creamy, with slight salty notes, making it versatile for a variety of dishes.\n- **Melting Qualities**: Low-moisture mozzarella is known for its excellent melting properties, making it ideal for pizzas and casseroles.\n\nThis type of mozzarella is widely used in cooking due to its favorable properties in baking and melting."
  },
  {
    "url": "https://shop.kimelo.com/sku/cheese-feta-bulgarian-in-brine-17-kg-106845/106845",
    "title": "Cheese, Feta, Bulgarian, In Brine, 1/7 Kg - 106845",
    "brand": "Atalanta",
    "sku": "106845",
    "upc": "106845",
    "image_urls": [
      "https://shop.kimelo.com/_next/image?url=https%3A%2F%2Fd3tlizm80tjdt4.cloudfront.net%2Fimage%2F6242%2Fimage%2Flg-80dd770b2940c38a25004f1f62076c26.jpg&w=3840&q=60",
      "https://shop.kimelo.com/_next/image?url=https%3A%2F%2Fd3tlizm80tjdt4.cloudfront.net%2Fimage%2F6243%2Fimage%2Flg-a17221a11c153c481997ae0235666ab7.jpg&w=3840&q=60"
    ],
    "case_price": "",
    "each_price": "$72.00",
    "case_pack_size": "",
    "each_pack_size": "1 Item",
    "case_weight": "",
    "each_weight": "15.43 lbs",
    "case_dimensions": "",
    "each_dimensions": "L 1\" x W 1\" x H 1\"",
    "price_per_unit": "$4.80/LB",
    "category": [
      "Cheese",
      "Specialty Cheese"
    ],
    "related_items": [
      {
        "name": "Cheese, Feta, French, Pail, Valbreso, 18 Lb Avg - 123797",
        "brand": "Valbreso",
        "price": "$125.10",
        "url": "https://shop.kimelo.com/sku/cheese-feta-french-pail-valbreso-18-lb-avg-123797/123797"
      }
    ],
    "others_you_may_like_urls": [
      "https://shop.kimelo.com/sku/cheese-feta-sheepgoat-imported-ziria-14-kg-124111/124111",
      "https://shop.kimelo.com/sku/cheese-goat-chefs-chevre-tub-2-4-lb-103638/103638",
      "https://shop.kimelo.com/sku/cheese-feta-rbst-free-estia-24-lb-124006/124006",
      "https://shop.kimelo.com/sku/cheese-mascarpone-tub-belgioioso-4-5-lb-107599/107599",
      "https://shop.kimelo.com/sku/cheese-queso-fresco-casero-bulk-12-lbs-112596/112596",
      "https://shop.kimelo.com/sku/cheese-mozzarella-fresh-ovoline-galbani-23-lb-123382/123382",
      "https://shop.kimelo.com/sku/cheese-feta-crumbles-president-25-lb-123341/123341",
      "https://shop.kimelo.com/sku/cheese-feta-in-brine-pail-2-8-lb-124284/124284",
      "https://shop.kimelo.com/sku/cheese-mozzarella-fresh-loaf-sliced-61-lb-123535/123535"
    ],
    "image_description": "The cheese product in question is Bulgarian White Brined Sheep's Milk Cheese, which is characterized by several distinct features:\n\n### Appearance\n- **Color:** The cheese typically has a bright white exterior, indicating its freshness and the use of sheep's milk.\n- **Shape:** It is often sold in blocks or cubes, and may be packaged in a larger container, as seen here. The package appears to be in a cardboard box, commonly used for bulk sales.\n- **Packaging:** The label features bold green and red colors, with the name \u201cAtalanta\u201d prominently displayed, alongside indicators of its origin from Bulgaria.\n\n### Texture\n- **Firmness:** This cheese is usually semi-firm to firm, with a somewhat crumbly texture that can break apart easily when handled.\n- **Moisture:** Being a brined cheese, it retains some moisture, giving it a slightly creamy mouthfeel, yet it remains dense and solid.\n\n### Additional Characteristics\n- **Brined:** The cheese is cured in salt brine, which can lend a tangy, salty flavor, enhancing its savory profile.\n- **Taste:** Typically, this cheese has a rich, tangy taste that can vary in intensity depending on the specific aging process and the brine solution used.\n- **Culinary Uses:** Commonly used in salads, pastries, and as a table cheese, it can also be crumbled over dishes for added flavor.\n\nOverall, this Bulgarian White Brined Sheep's Milk Cheese stands out"
  },
  {
    "url": "https://shop.kimelo.com/sku/cheese-mozzarella-fresh-ovoline-galbani-23-lb-123382/123382",
    "title": "Cheese, Mozzarella, Fresh, Ovoline, Galbani, 2/3 Lb - 123382",
    "brand": "Galbani",
    "sku": "123382",
    "upc": "123382",
    "image_urls": [
      "https://shop.kimelo.com/_next/image?url=https%3A%2F%2Fd3tlizm80tjdt4.cloudfront.net%2Fremote_images%2Fimage%2F1050%2Flarge%2Ff9e794d55c84a72aac2708d6e555423892d56742f5ceb6d5dc.jpg&w=3840&q=60"
    ],
    "case_price": "",
    "each_price": "$34.67",
    "case_pack_size": "",
    "each_pack_size": "1 Item",
    "case_weight": "",
    "each_weight": "6 lbs",
    "case_dimensions": "",
    "each_dimensions": "L 1\" x W 1\" x H 1\"",
    "price_per_unit": "$5.78/LB",
    "category": [
      "Cheese",
      "Specialty Cheese"
    ],
    "related_items": [
      {
        "name": "Cheese, Mozzarella, Fresh, Loaf, Sliced, 6/1 Lb - 123535",
        "brand": "Galbani",
        "price": "$38.68",
        "url": "https://shop.kimelo.com/sku/cheese-mozzarella-fresh-loaf-sliced-61-lb-123535/123535"
      }
    ],
    "others_you_may_like_urls": [
      "https://shop.kimelo.com/sku/cheese-feta-sheepgoat-imported-ziria-14-kg-124111/124111",
      "https://shop.kimelo.com/sku/cheese-feta-rbst-free-estia-24-lb-124006/124006",
      "https://shop.kimelo.com/sku/cheese-goat-crumbled-22-lb-123365/123365",
      "https://shop.kimelo.com/sku/cheese-feta-crumbles-president-25-lb-123341/123341",
      "https://shop.kimelo.com/sku/cheese-mascarpone-tub-belgioioso-4-5-lb-107599/107599",
      "https://shop.kimelo.com/sku/cheese-queso-fresco-casero-bulk-12-lbs-112596/112596",
      "https://shop.kimelo.com/sku/cheese-feta-french-pail-valbreso-18-lb-avg-123797/123797",
      "https://shop.kimelo.com/sku/cheese-feta-in-brine-pail-2-8-lb-124284/124284",
      "https://shop.kimelo.com/sku/cheese-mozzarella-fresh-loaf-thin-slice-61-lb-112545/112545"
    ],
    "image_description": "The cheese product in question is Galbani Fresh Mozzarella Ovolini, a popular variety of mozzarella cheese. \n\n### Appearance\n- **Packaging**: It comes in a plastic tub with a lid, prominently displaying the brand name \"Galbani\" and indicating that it's fresh mozzarella. The design features a light blue background and images of tomatoes and mozzarella slices, suggesting freshness and culinary uses.\n- **Color**: The cheese itself has a creamy white to off-white color, typical of fresh mozzarella. It may appear slightly glossy or wet due to its packaging in a brine or water solution.\n- **Shape**: The cheese is typically shaped into small, rounded balls called \"ovolini,\" which are about the size of a golf ball.\n\n### Texture\n- **Feel**: Fresh mozzarella has a smooth and slightly elastic texture. When you press on it, it may yield slightly but retain its shape, demonstrating its moisture content.\n- **Mouthfeel**: When bitten into, it is tender and creamy, often offering a delightful stretch. This stretchiness is a characteristic feature of mozzarella cheese.\n\n### Other Characteristics\n- **Moisture Content**: Fresh mozzarella is known for being high in moisture, contributing to its creamy texture. The cheese is often stored in a brine or whey solution to maintain freshness.\n- **Flavor**: It has a mild, milky flavor with a hint of tanginess, making it versatile for various dishes, including salads, pizzas,"
  },
  {
    "url": "https://shop.kimelo.com/sku/cheese-feta-sheepgoat-imported-ziria-14-kg-124111/124111",
    "title": "Cheese, Feta, Sheep/goat, Imported, Ziria, 14 Kg 124111",
    "brand": "Ziria",
    "sku": "124111",
    "upc": "124111",
    "image_urls": [
      "https://shop.kimelo.com/_next/image?url=https%3A%2F%2Fd3tlizm80tjdt4.cloudfront.net%2Fremote_images%2Fimage%2F2224%2Flarge%2Ff2430897e2a489549426d603b1f57d8b8668eb85fe555bbf99.jpg&w=3840&q=60"
    ],
    "case_price": "",
    "each_price": "$166.17",
    "case_pack_size": "",
    "each_pack_size": "1 Item",
    "case_weight": "",
    "each_weight": "31 lbs",
    "case_dimensions": "",
    "each_dimensions": "L 1\" x W 1\" x H 1\"",
    "price_per_unit": "$5.36/LB",
    "category": [
      "Cheese",
      "Specialty Cheese"
    ],
    "related_items": [
      {
        "name": "Cheese, Feta, French, Pail, Valbreso, 18 Lb Avg - 123797",
        "brand": "Valbreso",
        "price": "$125.10",
        "url": "https://shop.kimelo.com/sku/cheese-feta-french-pail-valbreso-18-lb-avg-123797/123797"
      },
      {
        "name": "Cheese, Feta, Rbst Free, Estia, 24 Lb 124006",
        "brand": "Estia",
        "price": "$110.02",
        "url": "https://shop.kimelo.com/sku/cheese-feta-rbst-free-estia-24-lb-124006/124006"
      }
    ],
    "others_you_may_like_urls": [
      "https://shop.kimelo.com/sku/cheese-ricotta-4-5lb-108718/108718",
      "https://shop.kimelo.com/sku/cheese-mozzarella-fresh-loaf-thin-slice-61-lb-112545/112545",
      "https://shop.kimelo.com/sku/cheese-goat-chefs-chevre-tub-2-4-lb-103638/103638",
      "https://shop.kimelo.com/sku/cheese-mascarpone-tub-belgioioso-4-5-lb-107599/107599",
      "https://shop.kimelo.com/sku/cheese-queso-fresco-casero-bulk-12-lbs-112596/112596",
      "https://shop.kimelo.com/sku/cheese-feta-crumbles-president-25-lb-123341/123341",
      "https://shop.kimelo.com/sku/cheese-feta-in-brine-pail-2-8-lb-124284/124284",
      "https://shop.kimelo.com/sku/cheese-mozzarella-fresh-loaf-sliced-61-lb-123535/123535",
      "https://shop.kimelo.com/sku/cheese-mozzarella-fresh-ovoline-galbani-23-lb-123382/123382"
    ],
    "image_description": "The cheese product depicted is a canister of Feta cheese labeled \"Feta Zir\u00eda.\" \n\n### Appearance:\n- **Packaging**: The cheese is contained in a large, cylindrical metal can, which has a pull-tab lid for easy access. The lid is typically metal, with the body displaying a branding label that features a serene image of a coastal scene.\n- **Label Colors**: The label is predominantly light blue and white, conveying freshness, with dark elements providing contrast.\n\n### Texture:\n- **Cheese Consistency**: Feta cheese is known for its crumbly, slightly firm texture. When you open the can, the cheese may be packed in brine, giving it a moist appearance and slightly elastic texture. \n- **Crumbly**: A proper Feta typically crumbles when cut or scooped, making it easy to sprinkle over salads or incorporate into dishes.\n\n### Characteristics:\n- **Color**: Feta cheese usually has a bright white color, sometimes with a slightly off-white hue depending on the specific aging process.\n- **Taste**: While this cannot be seen, Feta is renowned for its tangy flavor, which comes from the brining and fermentation processes.\n- **Brine**: The visible liquid inside the can is typically salty brine that aids in preservation and contributes to the cheese's flavor profile.\n\nThis cheese is widely recognized for its culinary uses in Mediterranean dishes, salads, and as a topping. The designation \"P.D.O.\""
  },
  {
    "url": "https://shop.kimelo.com/sku/cheese-processed-american-yellow-slices-160-ct-45-lb-125636/125636",
    "title": "Cheese, Processed, American, Yellow, Slices, 160 Ct, 4/5 Lb 125636",
    "brand": "Schreiber",
    "sku": "125636",
    "upc": "125636",
    "image_urls": [
      "https://shop.kimelo.com/_next/image?url=https%3A%2F%2Fd3tlizm80tjdt4.cloudfront.net%2Fremote_images%2Fimage%2F5355%2Flarge%2F7ec331955d660509dfd8645317a66d49d3b1734abbc91c7772.jpg&w=3840&q=60"
    ],
    "case_price": "",
    "each_price": "$72.32",
    "case_pack_size": "",
    "each_pack_size": "1 Item",
    "case_weight": "",
    "each_weight": "20 lbs",
    "case_dimensions": "",
    "each_dimensions": "L 1\" x W 1\" x H 1\"",
    "price_per_unit": "",
    "category": [
      "Cheese",
      "Sliced Cheese"
    ],
    "related_items": [
      {
        "name": "",
        "brand": "",
        "price": "",
        "url": "https://shop.kimelo.com/sku/cheese-jack-pepper-sliced-8-15-lb-124829/124829"
      },
      {
        "name": "",
        "brand": "",
        "price": "",
        "url": "https://shop.kimelo.com/sku/cheese-gruyere-imported-loaf-2-5-lb-108978/108978"
      }
    ],
    "others_you_may_like_urls": [
      "https://shop.kimelo.com/sku/cheese-cheddar-sharp-white-10-lb-111680/111680",
      "https://shop.kimelo.com/sku/cheese-halloumi-tradition-greek-import-4088-oz-124144/124144",
      "https://shop.kimelo.com/sku/cheese-american-120-slice-yellow-4-5-lb-103674/103674",
      "https://shop.kimelo.com/sku/cheese-swiss-sliced-processed-120-ct-4-5-lb-100014/100014",
      "https://shop.kimelo.com/sku/cheese-pecorino-romano-14-lb-124109/124109",
      "https://shop.kimelo.com/sku/cheese-paneer-gopi-1514-oz-124005/124005",
      "https://shop.kimelo.com/sku/cheese-swiss-sliced-8-15-lb-103602/103602"
    ],
    "image_description": "The cheese product in question is an American processed cheese. Here\u2019s a detailed description:\n\n### Appearance\n- **Color**: It typically has a bright, yellow-orange hue, which is characteristic of American cheese.\n- **Packaging**: The cheese is presented in a rectangular block format, wrapped in a cardboard box with clear labeling. The design features a blue and white color scheme, indicating the product type.\n\n### Texture\n- **Consistency**: American cheese has a smooth, creamy texture. It is known for being somewhat pliable and easy to slice.\n- **Mouthfeel**: When melted, it becomes exceptionally gooey and stringy, making it a popular choice for burgers and grilled cheese sandwiches.\n\n### Visible Characteristics\n- **Slices**: The cheese is often sold in pre-sliced packages, with each slice being uniform in size, usually around half an ounce.\n- **Process**: As a processed cheese, it may contain additional ingredients like emulsifiers, which help maintain its smooth texture and shelf stability.\n\nOverall, this type of cheese is known for its mild flavor and versatility in cooking and snacking, often used in fast food and casual dining settings."
  },
  {
    "url": "https://shop.kimelo.com/sku/cheese-swiss-sliced-processed-120-ct-4-5-lb-100014/100014",
    "title": "Cheese, Swiss, Sliced, Processed, 120 Ct, (4) 5 Lb - 100014",
    "brand": "Commodity Cheese",
    "sku": "100014",
    "upc": "100014",
    "image_urls": [
      "https://shop.kimelo.com/_next/image?url=https%3A%2F%2Fd3tlizm80tjdt4.cloudfront.net%2Fimage%2F1475%2Fimage%2Flg-ea31c579279f113d796b9692545d93bf.jpg&w=3840&q=60",
      "https://shop.kimelo.com/_next/image?url=https%3A%2F%2Fd3tlizm80tjdt4.cloudfront.net%2Fimage%2F1474%2Fimage%2Flg-6eec70807190e98307644a92acb81803.jpg&w=3840&q=60"
    ],
    "case_price": "$77.88",
    "each_price": "$19.47",
    "case_pack_size": "4 Eaches",
    "each_pack_size": "1 Item",
    "case_weight": "5.14 lbs",
    "each_weight": "1.285 lbs",
    "case_dimensions": "L 1\" x W 1\" x H 1\"",
    "each_dimensions": "L 1\" x W 1\" x H 1\"",
    "price_per_unit": "$3.89/LB",
    "category": [
      "Cheese",
      "Sliced Cheese"
    ],
    "related_items": [
      {
        "name": "Cheese, American, 120 Slice, Yellow, (4) 5 Lb - 103674",
        "brand": "Schreiber",
        "price": "$16.76",
        "url": "https://shop.kimelo.com/sku/cheese-american-120-slice-yellow-4-5-lb-103674/103674"
      }
    ],
    "others_you_may_like_urls": [
      "https://shop.kimelo.com/sku/cheese-monterey-jack-sliced-8-15-lb-103599/103599",
      "https://shop.kimelo.com/sku/cheese-provolone-sliced-8-15-lb-103601/103601",
      "https://shop.kimelo.com/sku/cheese-pepper-jack-loaf-8-103672/103672",
      "https://shop.kimelo.com/sku/cheese-halloumi-tradition-greek-import-4088-oz-124144/124144",
      "https://shop.kimelo.com/sku/cheese-swiss-sliced-8-15-lb-103602/103602",
      "https://shop.kimelo.com/sku/cheese-monterey-jack-block-40-lb-avg-103562/103562",
      "https://shop.kimelo.com/sku/cheese-paneer-gopi-1514-oz-124005/124005",
      "https://shop.kimelo.com/sku/cheese-pecorino-romano-14-lb-124109/124109",
      "https://shop.kimelo.com/sku/cheese-cheddar-mild-loaf-8-5-lb-103670/103670",
      "https://shop.kimelo.com/sku/cheese-jack-pepper-sliced-8-15-lb-124829/124829",
      "https://shop.kimelo.com/sku/cheese-cream-loaf-philadelphia-6-3-lb-103663/103663",
      "https://shop.kimelo.com/sku/cheese-gruyere-imported-loaf-2-5-lb-108978/108978"
    ],
    "image_description": "This cheese product is labeled as \"American Swiss,\" which indicates it's a pasteurized process cheese variant designed for accessibility and versatility. \n\n### Appearance:\n- **Color**: The cheese has a pale yellow to off-white hue, common for Swiss-style cheeses.\n- **Shape**: It appears to be packaged in a rectangular block, sliced into even, thin pieces for easy use.\n- **Packaging**: The cheese is wrapped in clear plastic, allowing visibility while also preserving freshness. The label features a cow silhouette and branding details.\n\n### Texture:\n- **Consistency**: The cheese has a smooth and slightly creamy texture, making it easy to slice and melt.\n- **Mouthfeel**: It is likely to be semi-soft, providing a pleasant chewiness without being too firm.\n\n### Visible Characteristics:\n- **Bubbles**: Authentic Swiss cheese often contains holes or \"eyes,\" which might be less prominent in processed versions but can be expected to be minimal in this cheese.\n- **Surface**: The surface is smooth and glossy, typical of processed cheeses, indicating a uniformity in production.\n\nOverall, American Swiss cheese is characterized by its mild flavor, ease of melting, and versatility in various culinary applications, such as sandwiches or cheeseburgers."
  },
  {
    "url": "https://shop.kimelo.com/sku/cheese-cream-cheese-philadelphia-portions-cups-111589/41530",
    "title": "Cheese, Cream Cheese, Philadelphia, Portions, Cups - 111589",
    "brand": "Kraft",
    "sku": "41530",
    "upc": "41530",
    "image_urls": [
      "https://shop.kimelo.com/_next/image?url=https%3A%2F%2Fd3tlizm80tjdt4.cloudfront.net%2Fremote_images%2Fimage%2F9657%2Flarge%2Fa635fa071fba4d60f8f25d3053e0cc330007af9ee058d9c349.jpg&w=3840&q=60"
    ],
    "case_price": "",
    "each_price": "$51.49",
    "case_pack_size": "",
    "each_pack_size": "1 Item",
    "case_weight": "",
    "each_weight": "6.25 lbs",
    "case_dimensions": "",
    "each_dimensions": "L 1\" x W 1\" x H 1\"",
    "price_per_unit": "$0.51/CT",
    "category": [
      "Cheese",
      "Cream Cheese"
    ],
    "related_items": [
      {
        "name": "Cheese, Cream, Loaf, 10/3 Lb - 112699",
        "brand": "Raskas",
        "price": "$85.56",
        "url": "https://shop.kimelo.com/sku/cheese-cream-loaf-103-lb-112699/112699"
      },
      {
        "name": "Cheese, Cream, Loaf, Philadelphia, (6) 3 Lb - 103663",
        "brand": "Philadelphia",
        "price": "$16.13",
        "url": "https://shop.kimelo.com/sku/cheese-cream-loaf-philadelphia-6-3-lb-103663/103663"
      }
    ],
    "others_you_may_like_urls": [],
    "image_description": "The cheese product depicted is a cream cheese spread, specifically the original variety from Philadelphia, a well-known brand. Here\u2019s a detailed breakdown:\n\n### Appearance:\n- **Packaging**: It comes in a small plastic cup, typically holding 1 ounce (28.3 grams) of product. The outer packaging is cylindrical with a smooth surface.\n- **Labeling**: The top features a silver foil wrapper with the brand name \"Philadelphia\" prominently displayed. The word \"original\" is printed in a clear, bold font.\n- **Color**: The packaging is primarily silver with some blue and white elements, giving it a clean and classic appearance.\n\n### Texture:\n- **Inner Product**: The cream cheese spread inside is usually smooth and creamy in texture, making it easy to spread. It may have a slightly thick consistency, without any granularity.\n- **Spreadability**: Its creamy nature allows it to be easily spreadable on various foods such as bagels or crackers.\n\n### Characteristics:\n- **Flavor**: Cream cheese is generally mild with a slight tanginess due to the fermentation process. It may be slightly sweet, depending on additives.\n- **Ingredients**: This particular version includes pasteurized nonfat milk and milkfat, whey protein, and various emulsifiers and stabilizers, ensuring a consistent texture and shelf stability.\n\nOverall, this cream cheese spread is characterized by its classic presentation, smooth texture, and versatility in culinary applications."
  },
  {
    "url": "https://shop.kimelo.com/sku/cheese-mozzarella-pslm-cali-gold-loaf-86-lb-125986/125986",
    "title": "Cheese, Mozzarella, Pslm, Cali Gold, Loaf, 8/6 Lb 125986",
    "brand": "California Gold",
    "sku": "125986",
    "upc": "125986",
    "image_urls": [
      "https://shop.kimelo.com/_next/image?url=https%3A%2F%2Fd3tlizm80tjdt4.cloudfront.net%2Fremote_images%2Fimage%2F7730%2Flarge%2F40a5ad43f5a3cff08d75d9acf419e424b0b7d9468f07d0fc73.jpg&w=3840&q=60",
      "https://shop.kimelo.com/_next/image?url=https%3A%2F%2Fd3tlizm80tjdt4.cloudfront.net%2Fremote_images%2Fimage%2F7735%2Flarge%2F8e272931b72280f503222b1fe5c8eca316cf7aeed16fa071a7.jpg&w=3840&q=60"
    ],
    "case_price": "",
    "each_price": "$100.16",
    "case_pack_size": "",
    "each_pack_size": "1 Item",
    "case_weight": "",
    "each_weight": "48 lbs",
    "case_dimensions": "",
    "each_dimensions": "L 1\" x W 1\" x H 1\"",
    "price_per_unit": "$2.09/LB",
    "category": [
      "Cheese",
      "Specialty Cheese"
    ],
    "related_items": [
      {
        "name": "",
        "brand": "",
        "price": "",
        "url": "https://shop.kimelo.com/sku/cheese-queso-fresco-casero-bulk-12-lbs-112596/112596"
      },
      {
        "name": "",
        "brand": "",
        "price": "",
        "url": "https://shop.kimelo.com/sku/cheese-feta-rbst-free-estia-24-lb-124006/124006"
      }
    ],
    "others_you_may_like_urls": [
      "https://shop.kimelo.com/sku/cheese-feta-french-pail-valbreso-18-lb-avg-123797/123797",
      "https://shop.kimelo.com/sku/cheese-feta-crumbles-president-25-lb-123341/123341",
      "https://shop.kimelo.com/sku/cheese-feta-in-brine-pail-2-8-lb-124284/124284",
      "https://shop.kimelo.com/sku/cheese-feta-sheepgoat-imported-ziria-14-kg-124111/124111",
      "https://shop.kimelo.com/sku/cheese-goat-crumbled-22-lb-123365/123365",
      "https://shop.kimelo.com/sku/cheese-mascarpone-tub-belgioioso-4-5-lb-107599/107599",
      "https://shop.kimelo.com/sku/cheese-mozzarella-fresh-loaf-sliced-61-lb-123535/123535"
    ],
    "image_description": "The cheese product in question, labeled as \"California Gold Mozzarella Cheese,\" is presented in a standard cardboard box. Here are the key characteristics that help identify this type of cheese:\n\n### Appearance\n- **Packaging**: The box is a light brown color with printed blue text. It features the brand name \"California Gold,\" along with the type of cheese stated prominently as \"Mozzarella Cheese.\"\n- **Labeling**: There are details such as the packaging weight (\u201c8/6# PKG. RD. WT.\u201d) and a plant number (06-062), indicating that this cheese is produced in a specific facility.\n\n### Texture\n- **Mozzarella Characteristics**: Generally, mozzarella cheese has a smooth and slightly elastic texture. When pulled apart or cut, it often exhibits a stringy quality, characteristic of fresh mozzarella.\n- **Consistency**: The cheese is usually soft and creamy, with a slight moisture content, making it ideal for melting or enjoying fresh.\n\n### Identification\n- **Visual Cues**: While the box does not show the cheese itself, mozzarella is often recognized for its white to off-white color, and sometimes it might have a slight sheen due to moisture.\n- **Usage**: Mozzarella cheese is commonly used in dishes such as pizzas, lasagnas, and salads, highlighting its culinary versatility.\n\nIn summary, this cheese product is likely to be soft, smooth, and stretchy when melted, making it a popular choice in various recipes."
  },
  {
    "url": "https://shop.kimelo.com/sku/cheese-parmesan-wheel-usa-20-lb-avg-112306/112306",
    "title": "Cheese, Parmesan, Wheel, Usa, 20 Lb Avg - 112306",
    "brand": "Galbani",
    "sku": "112306",
    "upc": "112306",
    "image_urls": [
      "https://shop.kimelo.com/_next/image?url=https%3A%2F%2Fd3tlizm80tjdt4.cloudfront.net%2Fimage%2F12274%2Fimage%2Flg-d2cbdaa6bb91169eeeb71a18591ff5f2.png&w=3840&q=60"
    ],
    "case_price": "",
    "each_price": "$111.67",
    "case_pack_size": "",
    "each_pack_size": "1 Item",
    "case_weight": "",
    "each_weight": "20 lbs",
    "case_dimensions": "",
    "each_dimensions": "L 1\" x W 1\" x H 1\"",
    "price_per_unit": "$5.58/LB",
    "category": [
      "Cheese",
      "Cheese Wheel"
    ],
    "related_items": [
      {
        "name": "Cheese, Parmesan, Shaved, (4) 5 Lb - 106816",
        "brand": "Galbani",
        "price": "$26.44",
        "url": "https://shop.kimelo.com/sku/cheese-parmesan-shaved-4-5-lb-106816/106816"
      },
      {
        "name": "Cheese, Parmesan, Grated, Imported, (4) 5 Lb - 111522",
        "brand": "Galbani",
        "price": "$30.18",
        "url": "https://shop.kimelo.com/sku/cheese-parmesan-grated-imported-4-5-lb-111522/111522"
      }
    ],
    "others_you_may_like_urls": [
      "https://shop.kimelo.com/sku/butter-solids-unsalted-case-123041/123041"
    ],
    "image_description": "The cheese product depicted seems to be a round wheel of cheese. Here\u2019s a detailed description based on general characteristics:\n\n### Appearance:\n- **Shape:** Round and wheel-like, which is typical for many cheeses.\n- **Color:** The outer rind appears to have a pale yellow or beige hue.\n- **Label:** There is a label on the top, prominently featuring branding and possibly information about the cheese type or origin.\n\n### Texture:\n- **Texture of Rind:** The rind looks smooth and firm, giving it an appearance of being well-aged or properly processed.\n- **Texture of Inner Cheese (assumed):** While the inner texture isn\u2019t visible, many cheeses of this type often have a semi-firm to firm texture, possibly with a slight crumble, depending on aging.\n\n### Visible Characteristics:\n- **Rind Thickness:** The rind appears relatively thick, which may suggest that it has been aged for a while.\n- **No Surface Mold:** There is no visible mold or unusual markings on the exterior, indicating it might be a type of cheese that has been carefully processed.\n\n### Identification:\nCharacteristic features such as the round shape, rind type, and color could suggest that this cheese may belong to categories like Gouda or similar semi-hard cheeses, though exact identification would require more detail about flavor and aroma notes, which are not visible."
  },
  {
    "url": "https://shop.kimelo.com/sku/cheese-halloumi-tradition-greek-import-4088-oz-124144/124144",
    "title": "Cheese, Halloumi, Tradition, Greek, Import, 40/8.8 Oz 124144",
    "brand": "Alambra",
    "sku": "124144",
    "upc": "124144",
    "image_urls": [
      "https://shop.kimelo.com/_next/image?url=https%3A%2F%2Fd3tlizm80tjdt4.cloudfront.net%2Fremote_images%2Fimage%2F1998%2Flarge%2F0c5d6be482c882274eed45ff524c3b27b3ce3478a06a65355d.jpg&w=3840&q=60"
    ],
    "case_price": "",
    "each_price": "$197.35",
    "case_pack_size": "",
    "each_pack_size": "1 Item",
    "case_weight": "",
    "each_weight": "20 lbs",
    "case_dimensions": "",
    "each_dimensions": "L 1\" x W 1\" x H 1\"",
    "price_per_unit": "$8.97/LB",
    "category": [
      "Cheese",
      "Sliced Cheese"
    ],
    "related_items": [
      {
        "name": "",
        "brand": "",
        "price": "",
        "url": "https://shop.kimelo.com/sku/cheese-swiss-sliced-8-15-lb-103602/103602"
      },
      {
        "name": "",
        "brand": "",
        "price": "",
        "url": "https://shop.kimelo.com/sku/cheese-provolone-sliced-8-15-lb-103601/103601"
      }
    ],
    "others_you_may_like_urls": [
      "https://shop.kimelo.com/sku/cheese-monterey-jack-block-40-lb-avg-103562/103562",
      "https://shop.kimelo.com/sku/cheese-paneer-gopi-1514-oz-124005/124005",
      "https://shop.kimelo.com/sku/cheese-gruyere-imported-loaf-2-5-lb-108978/108978",
      "https://shop.kimelo.com/sku/cheese-american-120-slice-yellow-4-5-lb-103674/103674",
      "https://shop.kimelo.com/sku/cheese-swiss-sliced-processed-120-ct-4-5-lb-100014/100014",
      "https://shop.kimelo.com/sku/cheese-pecorino-romano-14-lb-124109/124109",
      "https://shop.kimelo.com/sku/cheese-kefalotyri-hard-wheel-greek-import-18-lb-avg-124125/124125"
    ],
    "image_description": "The cheese product in question is a package of Halloumi, a semi-hard, traditional cheese known for its unique properties and flavor. \n\n### Appearance:\n- **Color:** Halloumi typically has a pale white to light cream color.\n- **Shape:** The cheese is usually block-shaped or rectangular, as seen in the package. \n- **Surface:** It may have a slightly shiny or waxy surface, often with a smooth appearance, though some artisanal varieties may feature a more rustic texture.\n- **Defined Lines:** The cheese might display light perforations or lines from being cut or processed.\n\n### Texture:\n- **Firmness:** Halloumi has a firm, slightly rubbery texture that allows it to hold its shape when cooked.\n- **Inner Texture:** When sliced, the interior reveals a dense, compact structure with a slightly springy feel. \n- **Cohesion:** The cheese is known for its ability to melt slightly without losing its shape during high heat cooking, which makes it popular for grilling or frying.\n\n### Visible Characteristics:\n- **Moisture level:** Halloumi is usually packed in a brine solution, contributing to its high moisture content.\n- **Herbs or Spices:** Some varieties of Halloumi might include visible herbs or spices, like mint.\n- **Serving Suggestions:** The packaging may include appetizing images of the cheese grilled or served with salads, indicating its culinary versatility.\n\nOverall, Halloumi is distinctive for its unique texture and"
  },
  {
    "url": "https://shop.kimelo.com/sku/cheese-feta-in-brine-pail-2-8-lb-124284/124284",
    "title": "Cheese, Feta, In Brine, Pail, (2) 8 Lb 124284",
    "brand": "Cucina",
    "sku": "124284",
    "upc": "124284",
    "image_urls": [
      "https://shop.kimelo.com/_next/image?url=https%3A%2F%2Fd3tlizm80tjdt4.cloudfront.net%2Fremote_images%2Fimage%2F7673%2Flarge%2F019f7f8681cf1abac6e507f644dd57c7ca430c2bdbb127f5f6.jpg&w=3840&q=60"
    ],
    "case_price": "$58.88",
    "each_price": "$29.44",
    "case_pack_size": "2 Eaches",
    "each_pack_size": "1 Item",
    "case_weight": "8 lbs",
    "each_weight": "4 lbs",
    "case_dimensions": "L 1\" x W 1\" x H 1\"",
    "each_dimensions": "L 1\" x W 1\" x H 1\"",
    "price_per_unit": "$3.68/LB",
    "category": [
      "Cheese",
      "Specialty Cheese"
    ],
    "related_items": [
      {
        "name": "Cheese, Feta, French, Pail, Valbreso, 18 Lb Avg - 123797",
        "brand": "Valbreso",
        "price": "$125.10",
        "url": "https://shop.kimelo.com/sku/cheese-feta-french-pail-valbreso-18-lb-avg-123797/123797"
      }
    ],
    "others_you_may_like_urls": [
      "https://shop.kimelo.com/sku/cheese-mozzarella-fresh-loaf-sliced-61-lb-123535/123535",
      "https://shop.kimelo.com/sku/cheese-ricotta-4-5lb-108718/108718",
      "https://shop.kimelo.com/sku/cheese-feta-rbst-free-estia-24-lb-124006/124006",
      "https://shop.kimelo.com/sku/cheese-mascarpone-tub-belgioioso-4-5-lb-107599/107599",
      "https://shop.kimelo.com/sku/cheese-queso-fresco-casero-bulk-12-lbs-112596/112596",
      "https://shop.kimelo.com/sku/cheese-mozzarella-fresh-ovoline-galbani-23-lb-123382/123382",
      "https://shop.kimelo.com/sku/cheese-feta-crumbles-president-25-lb-123341/123341",
      "https://shop.kimelo.com/sku/cheese-mozzarella-fresh-loaf-thin-slice-61-lb-112545/112545",
      "https://shop.kimelo.com/sku/cheese-goat-chefs-chevre-tub-2-4-lb-103638/103638"
    ],
    "image_description": "The cheese product depicted appears to be soft and creamy, likely resembling a type of fresh cheese, such as ricotta or possibly mascarpone. Here are some detailed characteristics:\n\n### Appearance:\n- **Color**: The cheese has a predominantly white appearance, which is standard for many fresh cheeses.\n- **Shape**: It is presented in large, uneven chunks that are likely cut from a larger block.\n- **Surrounding Liquid**: There is a watery, slightly cloudy liquid present, which could suggest that the cheese is packed in whey or brine to maintain moisture.\n\n### Texture:\n- **Creamy**: The cheese looks soft and fluffy, indicating a rich, creamy texture that would be smooth when spread.\n- **Chunky**: The pieces appear somewhat crumbly or slightly firm on the exterior, but the interiors likely retain a moist and decadent quality.\n\n### Visible Characteristics:\n- **Moisture**: The presence of liquid around the cheese indicates a high moisture content, typical of fresh cheeses that need to stay hydrated.\n- **Surface**: The surface may have some small cracks or ridges, typical of many fresh cheeses that are not fully processed or aged.\n\nThis combination of traits would help identify it as a soft, fresh cheese, potentially intended for spreading or incorporating into various dishes."
  },
  {
    "url": "https://shop.kimelo.com/sku/cheese-cheddar-sharp-slcd-interleaf-075-oz-8-103603/103603",
    "title": "Cheese, Cheddar, Sharp, Slcd, Interleaf, 0.75 Oz, (8) 103603",
    "brand": "California Select Farms",
    "sku": "103603",
    "upc": "103603",
    "image_urls": [
      "https://shop.kimelo.com/_next/image?url=https%3A%2F%2Fd3tlizm80tjdt4.cloudfront.net%2Fimage%2F10347%2Fimage%2Flg-2ba2c9ab03062288a4c53dd66e1af2e6.jpg&w=3840&q=60"
    ],
    "case_price": "$76.48",
    "each_price": "$9.56",
    "case_pack_size": "8 Eaches",
    "each_pack_size": "1 Item",
    "case_weight": "1.5 lbs",
    "each_weight": "0.1875 lbs",
    "case_dimensions": "L 1\" x W 1\" x H 1\"",
    "each_dimensions": "L 1\" x W 1\" x H 1\"",
    "price_per_unit": "$6.37/LB",
    "category": [
      "Cheese",
      "Sliced Cheese"
    ],
    "related_items": [
      {
        "name": "Cheese, Cheddar, Mild, Sliced, (8) - 103600",
        "brand": "California Select Farms",
        "price": "$6.89",
        "url": "https://shop.kimelo.com/sku/cheese-cheddar-mild-sliced-8-103600/103600"
      },
      {
        "name": "Cheese, Cheddar, Medium, Loaf, (2) 5lb - 106815",
        "brand": "Tillamook",
        "price": "$30.08",
        "url": "https://shop.kimelo.com/sku/cheese-cheddar-medium-loaf-2-5lb-106815/106815"
      }
    ],
    "others_you_may_like_urls": [
      "https://shop.kimelo.com/sku/milk-whole-21-gal-109392/109392",
      "https://shop.kimelo.com/sku/cheese-pecorino-romano-14-lb-124109/124109",
      "https://shop.kimelo.com/sku/cheese-shredded-jack-cheddar-blend-fancy-4-5-lb-103664/103664",
      "https://shop.kimelo.com/sku/cheese-swiss-sliced-processed-120-ct-4-5-lb-100014/100014",
      "https://shop.kimelo.com/sku/cheese-american-120-slice-yellow-4-5-lb-103674/103674",
      "https://shop.kimelo.com/sku/cheese-gruyere-imported-loaf-2-5-lb-108978/108978",
      "https://shop.kimelo.com/sku/cheese-cheddar-mild-loaf-8-5-lb-103670/103670",
      "https://shop.kimelo.com/sku/cheese-halloumi-tradition-greek-import-4088-oz-124144/124144",
      "https://shop.kimelo.com/sku/cheese-cream-loaf-philadelphia-6-3-lb-103663/103663",
      "https://shop.kimelo.com/sku/cheese-swiss-sliced-8-15-lb-103602/103602",
      "https://shop.kimelo.com/sku/cheese-paneer-gopi-1514-oz-124005/124005",
      "https://shop.kimelo.com/sku/cheese-provolone-sliced-8-15-lb-103601/103601"
    ],
    "image_description": "This cheese product appears to be cheddar cheese, characterized by its bright orange hue. It is presented in square slices stacked neatly on each other.\n\n### Appearance:\n- **Color:** A vibrant orange that is typically associated with processed cheddar cheese.\n- **Shape:** Each slice is cut into a uniform square shape, reflecting standard packaging for cheese slices.\n- **Surface:** The texture of the slices is somewhat smooth with a slight sheen. There are minor irregularities, possibly from the manufacturing process.\n\n### Texture:\n- **Feel:** The cheese has a soft, pliable texture making it easy to bend or fold without cracking.\n- **Thickness:** The slices appear to be moderately thick, allowing them to hold their shape well.\n- **Mouthfeel:** When melted, cheddar typically becomes creamy. As a slice, it would have a slight firmness but still be soft enough to bite into easily.\n\n### Identifying Characteristics:\n- **Processing:** This type of cheese is often found in pre-packaged forms and can indicate that it has been pasteurized and processed, which can contribute to a smoother texture compared to natural-aged cheddar.\n- **Melting Properties:** Cheddar cheese is known for its excellent melting qualities, which makes it popular in sandwiches and burgers.\n\nOverall, this cheese slice embodies the essential characteristics of processed cheddar, making it a recognizable option in various culinary applications."
  },
  {
    "url": "https://shop.kimelo.com/sku/cheese-monterey-jack-sliced-8-15-lb-103599/103599",
    "title": "Cheese, Monterey Jack, Sliced, (8) 1.5 Lb - 103599",
    "brand": "Cheese Crafters",
    "sku": "103599",
    "upc": "103599",
    "image_urls": [
      "https://shop.kimelo.com/_next/image?url=https%3A%2F%2Fd3tlizm80tjdt4.cloudfront.net%2Fimage%2F9201%2Fimage%2Flg-e0268c061188a8639ccff1b50f84db1b.jpg&w=3840&q=60"
    ],
    "case_price": "$47.76",
    "each_price": "$5.97",
    "case_pack_size": "8 Eaches",
    "each_pack_size": "1 Item",
    "case_weight": "1.5 lbs",
    "each_weight": "0.1875 lbs",
    "case_dimensions": "L 1\" x W 1\" x H 1\"",
    "each_dimensions": "L 1\" x W 1\" x H 1\"",
    "price_per_unit": "$3.98/LB",
    "category": [
      "Cheese",
      "Sliced Cheese"
    ],
    "related_items": [
      {
        "name": "Cheese, Monterey Jack, Block, 40 Lb Avg - 103562",
        "brand": "Packer",
        "price": "$112.00",
        "url": "https://shop.kimelo.com/sku/cheese-monterey-jack-block-40-lb-avg-103562/103562"
      },
      {
        "name": "Cheese, Monterey Jack, Shredded, Fancy, (4) 5 Lb - 108930",
        "brand": "Cheswick",
        "price": "$16.26",
        "url": "https://shop.kimelo.com/sku/cheese-monterey-jack-shredded-fancy-4-5-lb-108930/108930"
      }
    ],
    "others_you_may_like_urls": [
      "https://shop.kimelo.com/sku/cheese-jack-pepper-sliced-8-15-lb-124829/124829",
      "https://shop.kimelo.com/sku/cheese-gruyere-imported-loaf-2-5-lb-108978/108978",
      "https://shop.kimelo.com/sku/cheese-provolone-sliced-8-15-lb-103601/103601",
      "https://shop.kimelo.com/sku/cheese-swiss-sliced-8-15-lb-103602/103602",
      "https://shop.kimelo.com/sku/appetizer-mozzarella-sticks-breaded-italian-43-lb-110439/110439",
      "https://shop.kimelo.com/sku/cheese-halloumi-tradition-greek-import-4088-oz-124144/124144",
      "https://shop.kimelo.com/sku/cheese-parmesan-shaved-4-5-lb-106816/106816",
      "https://shop.kimelo.com/sku/cheese-pepper-jack-loaf-8-103672/103672",
      "https://shop.kimelo.com/sku/cheese-blend-mozz-wm-ps-premio-shred-65-lb-112492/112492",
      "https://shop.kimelo.com/sku/cheese-swiss-sliced-processed-120-ct-4-5-lb-100014/100014",
      "https://shop.kimelo.com/sku/cheese-american-120-slice-yellow-4-5-lb-103674/103674",
      "https://shop.kimelo.com/sku/cheese-cheddar-mild-sliced-8-103600/103600"
    ],
    "image_description": "The cheese product in the image is Sliced Monterey Jack Cheese, known for its creamy and mild flavor profile. Here are the detailed characteristics:\n\n### Appearance:\n- **Color**: The cheese has a pale, off-white or slightly yellowish hue.\n- **Shape**: It comes pre-sliced in uniform rectangular pieces, typical of packaged cheese.\n- **Packaging**: The cheese is sealed in clear plastic, allowing visibility of the slices. The label features a scenic design with cows and mountains, indicating a Californian origin.\n\n### Texture:\n- **Texture**: Monterey Jack cheese is semi-soft, providing a smooth and creamy mouthfeel. It is slightly pliable and easy to slice, making it suitable for sandwiches and snacks.\n- **Surface**: The surface appears smooth with no visible rind, characteristic of this type of cheese.\n\n### Identifiable Characteristics:\n- **Flavor**: Known for its mild and slightly buttery flavor, Monterey Jack can sometimes have a hint of sweetness.\n- **Meltability**: This cheese is also known for its excellent melting properties, making it a popular choice for dishes like quesadillas and nachos.\n- **Gluten-Free**: The packaging indicates that it is gluten-free, which can be a key consideration for those with dietary restrictions.\n\nOverall, this Monterey Jack cheese is visually appealing and versatile for various culinary applications."
  },
  {
    "url": "https://shop.kimelo.com/sku/cheese-gruyere-imported-loaf-2-5-lb-108978/108978",
    "title": "Cheese, Gruyere, Imported, Loaf, (2) 5 Lb - 108978",
    "brand": "Packer",
    "sku": "108978",
    "upc": "108978",
    "image_urls": [
      "https://shop.kimelo.com/_next/image?url=https%3A%2F%2Fd3tlizm80tjdt4.cloudfront.net%2Fimage%2F7423%2Fimage%2Flg-18e878e4379d896202e3896cbd593d1e.jpg&w=3840&q=60",
      "https://shop.kimelo.com/_next/image?url=https%3A%2F%2Fd3tlizm80tjdt4.cloudfront.net%2Fimage%2F7424%2Fimage%2Flg-c1324c90dfbca8f209ce3d87651434d2.jpg&w=3840&q=60"
    ],
    "case_price": "$134.60",
    "each_price": "$67.30",
    "case_pack_size": "2 Eaches",
    "each_pack_size": "1 Item",
    "case_weight": "5 lbs",
    "each_weight": "2.5 lbs",
    "case_dimensions": "L 1\" x W 1\" x H 1\"",
    "each_dimensions": "L 1\" x W 1\" x H 1\"",
    "price_per_unit": "$13.46/LB",
    "category": [
      "Cheese",
      "Cheese Loaf"
    ],
    "related_items": [
      {
        "name": "",
        "brand": "",
        "price": "",
        "url": "https://shop.kimelo.com/sku/cheese-ricotta-4-5lb-108718/108718"
      },
      {
        "name": "",
        "brand": "",
        "price": "",
        "url": "https://shop.kimelo.com/sku/cheese-cheddar-mild-sliced-8-103600/103600"
      }
    ],
    "others_you_may_like_urls": [
      "https://shop.kimelo.com/sku/cheese-cheddar-sharp-slcd-interleaf-075-oz-8-103603/103603",
      "https://shop.kimelo.com/sku/cheese-cream-loaf-philadelphia-6-3-lb-103663/103663",
      "https://shop.kimelo.com/sku/cheese-mascarpone-tub-belgioioso-4-5-lb-107599/107599",
      "https://shop.kimelo.com/sku/cheese-cheddar-medium-loaf-2-5lb-106815/106815",
      "https://shop.kimelo.com/sku/cheese-provolone-sliced-8-15-lb-103601/103601",
      "https://shop.kimelo.com/sku/cheese-cheddar-shredded-fancy-mild-4-106832/106832",
      "https://shop.kimelo.com/sku/cheese-cheddar-mild-loaf-8-5-lb-103670/103670"
    ],
    "image_description": "The cheese product in question is Le Gruy\u00e8re AOP Mild, presented in a bulk packaging format. Here are the detailed characteristics:\n\n### Appearance:\n- **Color**: Typically, Le Gruy\u00e8re AOP has a pale yellow to golden hue.\n- **Shape**: This cheese is often cut into large blocks or wheels. In this case, it is referenced as \"king cut,\" indicating it may be a larger piece.\n- **Surface**: The exterior is usually smooth with some subtle shine, occasionally displaying small holes, which are characteristic of this cheese.\n\n### Texture:\n- **Interior**: The texture is firm yet slightly creamy, with a dense and compact structure. It is not crumbly but rather slices cleanly.\n- **Mouthfeel**: When tasted, it has a smooth and rich mouthfeel, which contributes to its enjoyable eating experience.\n\n### Characteristics:\n- **Aroma**: Le Gruy\u00e8re AOP Mild typically has a pleasant, nutty aroma with hints of sweetness.\n- **Flavor**: The flavor is mild and slightly sweet, with nutty undertones, making it versatile for various culinary uses, from cheese boards to cooking.\n\n### Identification:\n- **Origin**: Le Gruy\u00e8re is renowned as a Swiss cheese, and its AOP designation (Appellation d'Origine Prot\u00e9g\u00e9e) indicates protected origin.\n- **Ingredients**: The cheese is made from fresh part-skim cow's milk, along with salt, cheese culture"
  },
  {
    "url": "https://shop.kimelo.com/sku/cheese-saganaki-hard-greek-import-7-lb-avg-6-125801/373628",
    "title": "Cheese, Saganaki, Hard, Greek, Import, 7 Lb Avg (6) 125801",
    "brand": "Metsobo A.e.",
    "sku": "373628",
    "upc": "373628",
    "image_urls": [
      "https://shop.kimelo.com/_next/image?url=https%3A%2F%2Fd3tlizm80tjdt4.cloudfront.net%2Fremote_images%2Fimage%2F8993%2Flarge%2F6646c2ecbc5a9a92d42f994b6827e3c26b37b72cb136d18279.jpg&w=3840&q=60"
    ],
    "case_price": "$411.18",
    "each_price": "$68.53",
    "case_pack_size": "6 Eaches",
    "each_pack_size": "1 Item",
    "case_weight": "42 lbs",
    "each_weight": "7 lbs",
    "case_dimensions": "L 1\" x W 1\" x H 1\"",
    "each_dimensions": "L 1\" x W 1\" x H 1\"",
    "price_per_unit": "$9.79/LB",
    "category": [
      "Cheese",
      "Sliced Cheese"
    ],
    "related_items": [
      {
        "name": "",
        "brand": "",
        "price": "",
        "url": "https://shop.kimelo.com/sku/cheese-cheddar-sharp-white-10-lb-111680/111680"
      },
      {
        "name": "",
        "brand": "",
        "price": "",
        "url": "https://shop.kimelo.com/sku/cheese-swiss-sliced-8-15-lb-103602/103602"
      }
    ],
    "others_you_may_like_urls": [
      "https://shop.kimelo.com/sku/cheese-jack-pepper-sliced-8-15-lb-124829/124829",
      "https://shop.kimelo.com/sku/cheese-halloumi-tradition-greek-import-4088-oz-124144/124144",
      "https://shop.kimelo.com/sku/cheese-paneer-gopi-1514-oz-124005/124005",
      "https://shop.kimelo.com/sku/cheese-pecorino-romano-14-lb-124109/124109",
      "https://shop.kimelo.com/sku/cheese-gruyere-imported-loaf-2-5-lb-108978/108978",
      "https://shop.kimelo.com/sku/cheese-american-120-slice-yellow-4-5-lb-103674/103674",
      "https://shop.kimelo.com/sku/cheese-swiss-sliced-processed-120-ct-4-5-lb-100014/100014"
    ],
    "image_description": "The cheese product in the image appears to be a semi-hard cheese, characterized by its smooth, pale yellow exterior. Its shape is triangular, resembling a wedge, which is common for many types of cheese. \n\n### Appearance:\n- **Color**: A consistent pale yellow hue, suggesting it may have been produced with the addition of natural colorants or from the milk of grass-fed cows.\n- **Shape**: Triangular wedge, which is often how cheeses are packaged for slicing and serving.\n\n### Texture:\n- The cheese seems to have a smooth and glossy surface, indicating a firm yet pliable texture. \n- It likely has a dense interior with a few small holes or \"eyes,\" typical for varieties like Gouda or mild Cheddar.\n\n### Visible Characteristics:\n- No rinds are visible, suggesting it may be a young cheese or one that is minimally aged.\n- The lack of significant surface detailing could indicate that it is not a specialty cheese with aging marks or rinds.\n- The cutting style suggests readiness for serving, often seen in cheeses meant for use on cheese boards or in recipes.\n\nOverall, this cheese could be identified as a mild, semi-hard cheese typically found in many cheese assortments, ideal for snacking or cooking."
  },
  {
    "url": "https://shop.kimelo.com/sku/cheese-blend-mozz-wm-ps-premio-shred-65-lb-112492/112492",
    "title": "Cheese, Blend, Mozz, Wm & Ps, Premio Shred, 6/5 Lb - 112492",
    "brand": "Galbani Premio",
    "sku": "112492",
    "upc": "112492",
    "image_urls": [
      "https://shop.kimelo.com/_next/image?url=https%3A%2F%2Fd3tlizm80tjdt4.cloudfront.net%2Fimage%2F13860%2Fimage%2Flg-da3987bf1d2daae7ac0318aec35ed8c3.png&w=3840&q=60"
    ],
    "case_price": "",
    "each_price": "$101.51",
    "case_pack_size": "",
    "each_pack_size": "1 Item",
    "case_weight": "",
    "each_weight": "30 lbs",
    "case_dimensions": "",
    "each_dimensions": "L 1\" x W 1\" x H 1\"",
    "price_per_unit": "$3.38/LB",
    "category": [
      "Cheese",
      "Shredded Cheese"
    ],
    "related_items": [
      {
        "name": "",
        "brand": "",
        "price": "",
        "url": "https://shop.kimelo.com/sku/cheese-shredded-jack-cheddar-blend-fancy-4-5-lb-103664/103664"
      },
      {
        "name": "",
        "brand": "",
        "price": "",
        "url": "https://shop.kimelo.com/sku/cheese-cheddar-shredded-fancy-mild-4-106832/106832"
      }
    ],
    "others_you_may_like_urls": [
      "https://shop.kimelo.com/sku/cheese-monterey-jack-shredded-fancy-4-5-lb-108930/108930",
      "https://shop.kimelo.com/sku/cheese-asiago-shredded-6-5-lb-111711/111711",
      "https://shop.kimelo.com/sku/cheese-5-blend-moz-wmlmlmpsprovparmroma-65-lb-123784/123784",
      "https://shop.kimelo.com/sku/appetizer-mozzarella-sticks-breaded-italian-43-lb-110439/110439",
      "https://shop.kimelo.com/sku/cheese-parmesan-shaved-4-5-lb-106816/106816",
      "https://shop.kimelo.com/sku/cheese-pepperjack-feather-shred-45-lb-123794/123794",
      "https://shop.kimelo.com/sku/cheese-cheddar-mild-loaf-8-5-lb-103670/103670",
      "https://shop.kimelo.com/sku/cheese-monterey-jack-sliced-8-15-lb-103599/103599"
    ],
    "image_description": "The cheese product depicted is **Galbani Premio Shredded Mozzarella**, which features several characteristic elements:\n\n### Appearance:\n- **Color**: The cheese strands are a pale yellow to off-white color, typical of mozzarella.\n- **Form**: It is packaged in a clear plastic container, allowing visibility of the shredded cheese within.\n- **Shape**: The cheese is shredded into thin strands, which can vary in length but generally have a consistent, fine texture.\n\n### Texture:\n- **Consistency**: The cheese feels soft and pliable, with a light and airy quality due to its shredded form.\n- **Moisture Level**: Being classified as \"low moisture,\" this mozzarella has a slightly drier texture compared to fresh mozzarella, allowing it to melt well without becoming overly watery.\n\n### Characteristics:\n- **Blend**: This specific product is a cheese blend with equal parts whole milk mozzarella and low moisture part skim, indicated by \"Cheese Blend 50/50 East Coast Style,\" which suggests a specific regional preparation that produces a balanced texture and flavor.\n- **Usage**: The shredded form is ideal for cooking, as it melts easily and evenly, making it perfect for dishes like pizza, pasta, and casseroles.\n\nOverall, this mozzarella is identified by its pale coloration, fine shredded texture, and low moisture content, suitable for various culinary applications."
  },
  {
    "url": "https://shop.kimelo.com/sku/cheese-cream-loaf-103-lb-112699/112699",
    "title": "Cheese, Cream, Loaf, 10/3 Lb - 112699",
    "brand": "Raskas",
    "sku": "112699",
    "upc": "112699",
    "image_urls": [
      "https://shop.kimelo.com/_next/image?url=https%3A%2F%2Fd3tlizm80tjdt4.cloudfront.net%2Fimage%2F13945%2Fimage%2Flg-715c1512675e1a5f8706df3a400b60d7.png&w=3840&q=60",
      "https://shop.kimelo.com/_next/image?url=https%3A%2F%2Fd3tlizm80tjdt4.cloudfront.net%2Fimage%2F13946%2Fimage%2Flg-d4dba7545089bd9a466c92289b6a2e7f.png&w=3840&q=60"
    ],
    "case_price": "",
    "each_price": "$85.56",
    "case_pack_size": "",
    "each_pack_size": "1 Item",
    "case_weight": "",
    "each_weight": "30 lbs",
    "case_dimensions": "",
    "each_dimensions": "L 1\" x W 1\" x H 1\"",
    "price_per_unit": "$2.85/LB",
    "category": [
      "Cheese",
      "Cheese Loaf"
    ],
    "related_items": [
      {
        "name": "Cheese, Cream, Bulk, 30 Lb - 103662",
        "brand": "Packer",
        "price": "$70.05",
        "url": "https://shop.kimelo.com/sku/cheese-cream-bulk-30-lb-103662/103662"
      },
      {
        "name": "Cheese, Cream, Loaf, Philadelphia, (6) 3 Lb - 103663",
        "brand": "Philadelphia",
        "price": "$16.13",
        "url": "https://shop.kimelo.com/sku/cheese-cream-loaf-philadelphia-6-3-lb-103663/103663"
      }
    ],
    "others_you_may_like_urls": [],
    "image_description": "The cheese product depicted appears to be a spreadable cream cheese, commonly used as a topping on bagels. \n\n### Appearance:\n- **Color**: It has a smooth, pale white or off-white color.\n- **Form**: The cheese is spread generously over the surface of a bagel half, creating an inviting layer.\n- **Surface**: The texture appears creamy and somewhat glossy, indicating freshness. The knife marks can be seen where it has been applied, suggesting a smooth yet thick consistency.\n\n### Texture:\n- **Creamy**: The spread has a soft and velvety texture, making it easy to spread without tearing the bagel.\n- **Thickness**: It appears to have a substantial thickness, allowing for a hearty application on the bagel.\n- **Mouthfeel**: When tasted, it is likely to be rich and smooth, providing a creamy sensation.\n\n### Visible Characteristics:\n- **Spreadability**: The even spread across the bagel indicates that it is designed for easy application.\n- **Integration with Bagel**: The appearance of the bagel itself is lightly toasted, with a golden-brown exterior, contrasting well with the white cheese, enhancing visual appeal.\n\nThis combination of characteristics is typical of cream cheese, particularly when served as a topping for breakfast items like bagels."
  },
  {
    "url": "https://shop.kimelo.com/sku/cheese-kefalotyri-hard-wheel-greek-import-18-lb-avg-124125/124125",
    "title": "Cheese, Kefalotyri, Hard, Wheel, Greek, Import, 18 Lb Avg 124125",
    "brand": "Metsobo A.e.",
    "sku": "124125",
    "upc": "124125",
    "image_urls": [
      "https://shop.kimelo.com/_next/image?url=https%3A%2F%2Fd3tlizm80tjdt4.cloudfront.net%2Fremote_images%2Fimage%2F2228%2Flarge%2F2460a484014ca0e8d75146e936c62d60b39979734f56154fd3.jpg&w=3840&q=60"
    ],
    "case_price": "",
    "each_price": "$156.06",
    "case_pack_size": "",
    "each_pack_size": "1 Item",
    "case_weight": "",
    "each_weight": "18 lbs",
    "case_dimensions": "",
    "each_dimensions": "L 1\" x W 1\" x H 1\"",
    "price_per_unit": "$8.67/LB",
    "category": [
      "Cheese",
      "Sliced Cheese"
    ],
    "related_items": [
      {
        "name": "",
        "brand": "",
        "price": "",
        "url": "https://shop.kimelo.com/sku/cheese-monterey-jack-sliced-8-15-lb-103599/103599"
      },
      {
        "name": "",
        "brand": "",
        "price": "",
        "url": "https://shop.kimelo.com/sku/cheese-cheddar-mild-sliced-8-103600/103600"
      }
    ],
    "others_you_may_like_urls": [
      "https://shop.kimelo.com/sku/cheese-cheddar-medium-loaf-2-5lb-106815/106815",
      "https://shop.kimelo.com/sku/cheese-halloumi-tradition-greek-import-4088-oz-124144/124144",
      "https://shop.kimelo.com/sku/cheese-gruyere-imported-loaf-2-5-lb-108978/108978",
      "https://shop.kimelo.com/sku/cheese-american-120-slice-yellow-4-5-lb-103674/103674",
      "https://shop.kimelo.com/sku/cheese-provolone-sliced-8-15-lb-103601/103601",
      "https://shop.kimelo.com/sku/cheese-swiss-sliced-processed-120-ct-4-5-lb-100014/100014",
      "https://shop.kimelo.com/sku/cheese-paneer-gopi-1514-oz-124005/124005",
      "https://shop.kimelo.com/sku/cheese-swiss-sliced-8-15-lb-103602/103602",
      "https://shop.kimelo.com/sku/cheese-pecorino-romano-14-lb-124109/124109",
      "https://shop.kimelo.com/sku/cheese-monterey-jack-block-40-lb-avg-103562/103562"
    ],
    "image_description": "This cheese product is Kefalotyri, a traditional Greek cheese. Here are its detailed characteristics:\n\n### Appearance\n- **Shape**: It is typically round and resembles a wheel.\n- **Color**: The exterior has a pale, off-white to yellowish hue. The surface is smooth and slightly waxy.\n- **Label**: A vibrant label adorns the top, featuring the word \"\u039a\u03b5\u03c6\u03b1\u03bb\u03bf\u03c4\u03cd\u03c1\u03b9\" (Kefalotyri) and imagery related to its Greek heritage.\n\n### Texture\n- **Hardness**: Kefalotyri is a hard cheese, making it suitable for grating, especially over dishes.\n- **Interior**: The texture is firm and slightly crumbly, with a dense consistency that holds its shape well.\n\n### Additional Characteristics\n- **Aging**: Often aged for several months, which contributes to its robust flavor profile.\n- **Flavor**: It has a salty, tangy taste that can become sharper with age, adding complexity to its overall profile.\n- **Usage**: Commonly used in cooking, it melts well and is often featured in traditional Greek dishes.\n\nThese identifiable characteristics make Kefalotyri a unique and popular cheese choice."
  },
  {
    "url": "https://shop.kimelo.com/sku/cheese-monterey-jack-loaf-2-5-lb-107600/107600",
    "title": "Cheese, Monterey Jack, Loaf, (2) 5 Lb - 107600",
    "brand": "Packer",
    "sku": "107600",
    "upc": "107600",
    "image_urls": [
      "https://shop.kimelo.com/_next/image?url=https%3A%2F%2Fd3tlizm80tjdt4.cloudfront.net%2Fimage%2F5924%2Fimage%2Flg-f30846043f76d95c622c1a2e30b3cc06.jpg&w=3840&q=60",
      "https://shop.kimelo.com/_next/image?url=https%3A%2F%2Fd3tlizm80tjdt4.cloudfront.net%2Fimage%2F5981%2Fimage%2Flg-0798f641543e4069957cb3944ca58ad5.jpg&w=3840&q=60"
    ],
    "case_price": "$36.90",
    "each_price": "$18.45",
    "case_pack_size": "2 Eaches",
    "each_pack_size": "1 Item",
    "case_weight": "5 lbs",
    "each_weight": "2.5 lbs",
    "case_dimensions": "L 1\" x W 1\" x H 1\"",
    "each_dimensions": "L 1\" x W 1\" x H 1\"",
    "price_per_unit": "$3.69/LB",
    "category": [
      "Cheese",
      "Cheese Loaf"
    ],
    "related_items": [
      {
        "name": "Cheese, Monterey Jack, Block, 40 Lb Avg - 103562",
        "brand": "Packer",
        "price": "$112.00",
        "url": "https://shop.kimelo.com/sku/cheese-monterey-jack-block-40-lb-avg-103562/103562"
      }
    ],
    "others_you_may_like_urls": [
      "https://shop.kimelo.com/sku/cheese-cheddar-mild-sliced-8-103600/103600",
      "https://shop.kimelo.com/sku/cheese-cheddar-sharp-slcd-interleaf-075-oz-8-103603/103603",
      "https://shop.kimelo.com/sku/butter-solids-european-unsalted-36-1-lb-103494/103494",
      "https://shop.kimelo.com/sku/cheese-swiss-sliced-8-15-lb-103602/103602",
      "https://shop.kimelo.com/sku/cheese-cream-loaf-philadelphia-6-3-lb-103663/103663",
      "https://shop.kimelo.com/sku/cheese-pepper-jack-loaf-8-103672/103672",
      "https://shop.kimelo.com/sku/cheese-american-120-slice-yellow-4-5-lb-103674/103674",
      "https://shop.kimelo.com/sku/cheese-swiss-sliced-processed-120-ct-4-5-lb-100014/100014",
      "https://shop.kimelo.com/sku/cheese-cheddar-medium-loaf-2-5lb-106815/106815",
      "https://shop.kimelo.com/sku/cheese-parmesan-shaved-4-5-lb-106816/106816",
      "https://shop.kimelo.com/sku/cheese-monterey-jack-shredded-fancy-4-5-lb-108930/108930",
      "https://shop.kimelo.com/sku/cheese-monterey-jack-sliced-8-15-lb-103599/103599",
      "https://shop.kimelo.com/sku/cheese-cheddar-mild-loaf-8-5-lb-103670/103670",
      "https://shop.kimelo.com/sku/cheese-cheddar-shredded-fancy-mild-4-106832/106832",
      "https://shop.kimelo.com/sku/cheese-provolone-sliced-8-15-lb-103601/103601"
    ],
    "image_description": "This cheese product is Monterey Jack, known for its smooth, semi-soft texture and mild flavor. \n\n### Appearance:\n- **Color**: It has a pale, creamy hue, often appearing slightly off-white or yellowish.\n- **Shape**: The cheese is typically sold in block form, displaying a rectangular shape.\n- **Surface**: The surface is generally smooth and uniform, with a slight sheen from being wrapped.\n\n### Texture:\n- **Mouthfeel**: Monterey Jack has a smooth and creamy texture, allowing it to melt beautifully, making it ideal for various culinary applications such as nachos, quesadillas, and baked dishes.\n- **Firmness**: While semi-soft, it is firmer than softer cheeses like Brie but can be sliced or shredded easily.\n\n### Characteristics:\n- **Taste**: It has a mild, buttery flavor that becomes slightly sharper as it ages.\n- **Aroma**: The aroma is subtle and light, without strong cheese scents, making it approachable for those new to cheese.\n\nOverall, Monterey Jack is versatile in both cooking and snacking, making it a popular choice for a variety of dishes."
  },
  {
    "url": "https://shop.kimelo.com/sku/cheese-asiago-shredded-6-5-lb-111711/111711",
    "title": "Cheese, Asiago, Shredded, (6) 5 Lb - 111711",
    "brand": "Galbani",
    "sku": "111711",
    "upc": "111711",
    "image_urls": [
      "https://shop.kimelo.com/_next/image?url=https%3A%2F%2Fd3tlizm80tjdt4.cloudfront.net%2Fimage%2F11540%2Fimage%2Flg-b870d15c35b2be76668151c22ab73e96.png&w=3840&q=60"
    ],
    "case_price": "$156.36",
    "each_price": "$26.06",
    "case_pack_size": "6 Eaches",
    "each_pack_size": "1 Item",
    "case_weight": "5 lbs",
    "each_weight": "0.833333 lbs",
    "case_dimensions": "L 1\" x W 1\" x H 1\"",
    "each_dimensions": "L 1\" x W 1\" x H 1\"",
    "price_per_unit": "$5.21/LB",
    "category": [
      "Cheese",
      "Shredded Cheese"
    ],
    "related_items": [
      {
        "name": "Cheese, Parmesan, Wheel, Usa, 20 Lb Avg - 112306",
        "brand": "Galbani",
        "price": "$111.67",
        "url": "https://shop.kimelo.com/sku/cheese-parmesan-wheel-usa-20-lb-avg-112306/112306"
      },
      {
        "name": "Cheese, Parmesan, Shaved, (4) 5 Lb - 106816",
        "brand": "Galbani",
        "price": "$26.44",
        "url": "https://shop.kimelo.com/sku/cheese-parmesan-shaved-4-5-lb-106816/106816"
      }
    ],
    "others_you_may_like_urls": [
      "https://shop.kimelo.com/sku/cheese-pepperjack-feather-shred-45-lb-123794/123794",
      "https://shop.kimelo.com/sku/cheese-monterey-jack-shredded-fancy-4-5-lb-108930/108930",
      "https://shop.kimelo.com/sku/cheese-cheddar-shredded-fancy-mild-4-106832/106832",
      "https://shop.kimelo.com/sku/cheese-blend-mozz-wm-ps-premio-shred-65-lb-112492/112492",
      "https://shop.kimelo.com/sku/cheese-5-blend-moz-wmlmlmpsprovparmroma-65-lb-123784/123784",
      "https://shop.kimelo.com/sku/cheese-shredded-jack-cheddar-blend-fancy-4-5-lb-103664/103664"
    ],
    "image_description": "This cheese product is **shredded Asiago**, a semi-hard cheese with a distinct appearance and texture:\n\n### Appearance\n- **Color**: The cheese is a pale yellow to off-white shade, typical of medium-aged Asiago.\n- **Form**: It is presented in a shredded form, which consists of fine, elongated strands.\n- **Packaging**: The cheese is packaged in a clear plastic bag, allowing for easy visibility of the shreds. The label prominently features the brand (Galbani) and the cheese type (Shredded Asiago).\n\n### Texture\n- **Shredded Consistency**: The cheese has a light and airy texture due to its shredded form, making it easy to sprinkle over dishes.\n- **Firmness**: As a semi-hard cheese, it has a slight firmness but remains soft enough to melt easily when heated.\n\n### Other Characteristics\n- **Taste**: While aroma and taste cannot be visually assessed, Asiago typically has a nutty and slightly piquant flavor, especially when aged.\n- **Usual Uses**: Often used in pasta dishes, salads, or as a topping for pizzas and casseroles, shredded Asiago adds both flavor and texture.\n\nOverall, this shredded Asiago cheese is visually appealing and practical for various culinary applications, characterized by its light color and fine shreds."
  },
  {
    "url": "https://shop.kimelo.com/sku/cheese-monterey-jack-block-40-lb-avg-103562/103562",
    "title": "Cheese, Monterey Jack, Block, 40 Lb Avg - 103562",
    "brand": "Packer",
    "sku": "103562",
    "upc": "103562",
    "image_urls": [
      "https://shop.kimelo.com/_next/image?url=https%3A%2F%2Fd3tlizm80tjdt4.cloudfront.net%2Fimage%2F11519%2Fimage%2Flg-c55f52f0bf7feaf5c2ee3a4af046658b.jpeg&w=3840&q=60",
      "https://shop.kimelo.com/_next/image?url=https%3A%2F%2Fd3tlizm80tjdt4.cloudfront.net%2Fimage%2F11520%2Fimage%2Flg-fed49223400f95f548cd850ab8aa9f50.jpeg&w=3840&q=60"
    ],
    "case_price": "",
    "each_price": "$112.00",
    "case_pack_size": "",
    "each_pack_size": "1 Item",
    "case_weight": "",
    "each_weight": "40 lbs",
    "case_dimensions": "",
    "each_dimensions": "L 1\" x W 1\" x H 1\"",
    "price_per_unit": "$2.80/LB",
    "category": [
      "Cheese",
      "Sliced Cheese"
    ],
    "related_items": [
      {
        "name": "Cheese, Monterey Jack, Loaf, (2) 5 Lb - 107600",
        "brand": "Packer",
        "price": "$18.45",
        "url": "https://shop.kimelo.com/sku/cheese-monterey-jack-loaf-2-5-lb-107600/107600"
      }
    ],
    "others_you_may_like_urls": [
      "https://shop.kimelo.com/sku/cheese-parmesan-shaved-4-5-lb-106816/106816",
      "https://shop.kimelo.com/sku/cheese-provolone-sliced-8-15-lb-103601/103601",
      "https://shop.kimelo.com/sku/cheese-cream-loaf-philadelphia-6-3-lb-103663/103663",
      "https://shop.kimelo.com/sku/cheese-american-120-slice-yellow-4-5-lb-103674/103674",
      "https://shop.kimelo.com/sku/cheese-halloumi-tradition-greek-import-4088-oz-124144/124144",
      "https://shop.kimelo.com/sku/cheese-swiss-sliced-processed-120-ct-4-5-lb-100014/100014",
      "https://shop.kimelo.com/sku/cheese-swiss-sliced-8-15-lb-103602/103602",
      "https://shop.kimelo.com/sku/cheese-pepper-jack-loaf-8-103672/103672",
      "https://shop.kimelo.com/sku/cheese-monterey-jack-sliced-8-15-lb-103599/103599",
      "https://shop.kimelo.com/sku/cheese-paneer-gopi-1514-oz-124005/124005",
      "https://shop.kimelo.com/sku/cheese-pecorino-romano-14-lb-124109/124109",
      "https://shop.kimelo.com/sku/cheese-gruyere-imported-loaf-2-5-lb-108978/108978"
    ],
    "image_description": "The cheese product depicted is packaged in a plain, brown cardboard box labeled as \"Montrey Jack.\" Here are some details that may help identify it:\n\n### Appearance\n- **Packaging:** The cheese is in a cardboard box, which suggests it is likely a bulk product.\n- **Label:** The label includes various details such as the product name, weight (42.19 lbs), and instructions for refrigeration.\n\n### Texture\n- **General Texture:** Monterey Jack cheese typically has a semi-soft texture. It can be smooth and creamy when cut.\n- **Surface Characteristics:** Although the cheese itself isn\u2019t visible, it's generally characterized by a smooth surface and can exhibit slight irregularities.\n\n### Identifiable Characteristics\n- **Color:** Monterey Jack cheese usually has a pale to medium yellow hue, sometimes with a whitish appearance.\n- **Flavor Profile:** Known for its mild and buttery flavor, it may have a slightly tangy taste, especially when aged.\n- **Versatility:** This cheese is often used in melting applications due to its excellent melting properties.\n\nTo summarize, while the product isn't directly visible, the labeling and typical characteristics of Monterey Jack cheese can help in its identification."
  },
  {
    "url": "https://shop.kimelo.com/sku/cheese-cheddar-medium-loaf-2-5lb-106815/106815",
    "title": "Cheese, Cheddar, Medium, Loaf, (2) 5lb - 106815",
    "brand": "Tillamook",
    "sku": "106815",
    "upc": "106815",
    "image_urls": [
      "https://shop.kimelo.com/_next/image?url=https%3A%2F%2Fd3tlizm80tjdt4.cloudfront.net%2Fimage%2F2254%2Fimage%2Flg-f76af0fe8ef58e6763a1b7a579ce97c1.jpeg&w=3840&q=60"
    ],
    "case_price": "$60.16",
    "each_price": "$30.08",
    "case_pack_size": "2 Eaches",
    "each_pack_size": "1 Item",
    "case_weight": "5 lbs",
    "each_weight": "2.5 lbs",
    "case_dimensions": "L 1\" x W 1\" x H 1\"",
    "each_dimensions": "L 1\" x W 1\" x H 1\"",
    "price_per_unit": "$6.02/LB",
    "category": [
      "Cheese",
      "Cheese Loaf"
    ],
    "related_items": [
      {
        "name": "Cheese, Cheddar, Mild, Loaf, (8) 5 Lb - 103670",
        "brand": "Cheswick",
        "price": "$16.99",
        "url": "https://shop.kimelo.com/sku/cheese-cheddar-mild-loaf-8-5-lb-103670/103670"
      }
    ],
    "others_you_may_like_urls": [
      "https://shop.kimelo.com/sku/cheese-cheddar-shredded-fancy-mild-4-106832/106832",
      "https://shop.kimelo.com/sku/cheese-cheddar-sharp-slcd-interleaf-075-oz-8-103603/103603",
      "https://shop.kimelo.com/sku/cheese-monterey-jack-shredded-fancy-4-5-lb-108930/108930",
      "https://shop.kimelo.com/sku/cheese-gruyere-imported-loaf-2-5-lb-108978/108978",
      "https://shop.kimelo.com/sku/cheese-cream-loaf-philadelphia-6-3-lb-103663/103663",
      "https://shop.kimelo.com/sku/cheese-swiss-sliced-8-15-lb-103602/103602",
      "https://shop.kimelo.com/sku/cheese-american-120-slice-yellow-4-5-lb-103674/103674",
      "https://shop.kimelo.com/sku/cheese-swiss-sliced-processed-120-ct-4-5-lb-100014/100014",
      "https://shop.kimelo.com/sku/cheese-cheddar-mild-sliced-8-103600/103600",
      "https://shop.kimelo.com/sku/cheese-monterey-jack-loaf-2-5-lb-107600/107600",
      "https://shop.kimelo.com/sku/cheese-pepper-jack-loaf-8-103672/103672",
      "https://shop.kimelo.com/sku/cheese-provolone-sliced-8-15-lb-103601/103601",
      "https://shop.kimelo.com/sku/cheese-monterey-jack-sliced-8-15-lb-103599/103599",
      "https://shop.kimelo.com/sku/cheese-monterey-jack-block-40-lb-avg-103562/103562",
      "https://shop.kimelo.com/sku/cheese-parmesan-shaved-4-5-lb-106816/106816"
    ],
    "image_description": "The cheese product described is a block of Tillamook Medium Cheddar. \n\n### Appearance:\n- **Color**: The cheese has a vibrant, rich orange-yellow hue typical of cheddar cheese, indicating a certain level of aging and taste profile.\n- **Shape**: It's rectangular in shape, commonly seen in blocks of cheddar cheese, making it easy to slice or shred.\n\n### Texture:\n- **Surface**: The exterior is smooth and may have a slight sheen, which is characteristic of wrapped cheeses. There are no visible cracks or irregularities.\n- **Inside**: The texture is firm yet slightly crumbly, which is common for medium cheddar. It can be sliced easily without crumbling apart completely.\n\n### Characteristics:\n- **Aroma**: There is a mild, creamy scent with a hint of nuttiness, typical for medium cheddar.\n- **Taste**: While not visible, a sample would reveal a balanced flavor\u2014sharpness present but not overwhelming, smooth and buttery on the palate.\n- **Packaging**: The block is typically wrapped in plastic with branding visible, including the name \"Tillamook\" prominently displayed, along with details like \"Medium Cheddar.\"\n\nThese characteristics help identify it as medium cheddar cheese, widely appreciated for its versatility in cooking and flavor profiling."
  },
  {
    "url": "https://shop.kimelo.com/sku/cheese-cream-bulk-frozen-30-lb/374448",
    "title": "Cheese, Cream, Bulk, Frozen, 30 Lb",
    "brand": "Packer",
    "sku": "374448",
    "upc": "374448",
    "image_urls": [
      "https://shop.kimelo.com/_next/image?url=https%3A%2F%2Fd3tlizm80tjdt4.cloudfront.net%2Fremote_images%2Fimage%2F9503%2Flarge%2Fbfb57eabef4a2608c6b0b8567574737a3d10916f1fee9bf0f7.jpg&w=3840&q=60"
    ],
    "case_price": "",
    "each_price": "$44.92",
    "case_pack_size": "",
    "each_pack_size": "1 Item",
    "case_weight": "",
    "each_weight": "30 lbs",
    "case_dimensions": "",
    "each_dimensions": "L 1\" x W 1\" x H 1\"",
    "price_per_unit": "$1.50/LB",
    "category": [
      "Cheese",
      "Cream Cheese"
    ],
    "related_items": [
      {
        "name": "Cheese, Cream, Loaf, 10/3 Lb - 112699",
        "brand": "Raskas",
        "price": "$85.56",
        "url": "https://shop.kimelo.com/sku/cheese-cream-loaf-103-lb-112699/112699"
      },
      {
        "name": "Cheese, Cream, Loaf, Philadelphia, (6) 3 Lb - 103663",
        "brand": "Philadelphia",
        "price": "$16.13",
        "url": "https://shop.kimelo.com/sku/cheese-cream-loaf-philadelphia-6-3-lb-103663/103663"
      }
    ],
    "others_you_may_like_urls": [],
    "image_description": "This cheese product appears to be a soft, spreadable cheese. It is housed in a white bowl, which allows for easy access and storage.\n\n### Appearance:\n- **Color:** The cheese has a pale, off-white to creamy hue.\n- **Surface:** The top surface looks smooth and slightly glossy, with some areas showing unevenness that suggests a creamy consistency.\n- **Edges:** The edges appear somewhat rounded, typical for a cheese that is soft and has been scooped out from a container.\n\n### Texture:\n- **Consistency:** The texture seems creamy and thick, indicating that it is likely a soft cheese that can be easily spread.\n- **Feel:** It would likely feel smooth and perhaps slightly airy when scooped, suggesting a lightness that could be associated with cheeses like cream cheese or ricotta.\n\n### Visible Characteristics:\n- There are minor flecks or imperfections throughout the cheese, which could indicate the presence of herbs or additional flavoring.\n- The product's overall appearance suggests it is not aged and is fresh, which is characteristic of several popular soft cheeses.\n\nThis type of cheese could be used as a spread, in dips, or as an ingredient in various dishes due to its creamy texture and mild flavor profile."
  },
  {
    "url": "https://shop.kimelo.com/sku/cheese-mozzarella-fresh-loaf-thin-slice-61-lb-112545/112545",
    "title": "Cheese, Mozzarella, Fresh, Loaf, Thin Slice, 6/1 Lb - 112545",
    "brand": "Galbani",
    "sku": "112545",
    "upc": "112545",
    "image_urls": [
      "https://shop.kimelo.com/_next/image?url=https%3A%2F%2Fd3tlizm80tjdt4.cloudfront.net%2Fimage%2F13746%2Fimage%2Flg-26719fb08b38ad184379b9f2e10f968f.png&w=3840&q=60",
      "https://shop.kimelo.com/_next/image?url=https%3A%2F%2Fd3tlizm80tjdt4.cloudfront.net%2Fremote_images%2Fimage%2F7206%2Flarge%2Fcae113cc73f3d8778849db435112996c229a8645c1193aaaa0.jpg&w=3840&q=60"
    ],
    "case_price": "",
    "each_price": "$34.55",
    "case_pack_size": "",
    "each_pack_size": "1 Item",
    "case_weight": "",
    "each_weight": "6 lbs",
    "case_dimensions": "",
    "each_dimensions": "L 1\" x W 1\" x H 1\"",
    "price_per_unit": "$5.76/LB",
    "category": [
      "Cheese",
      "Cheese Loaf"
    ],
    "related_items": [
      {
        "name": "Cheese, Mozzarella, Fresh, Ovoline, Galbani, 2/3 Lb - 123382",
        "brand": "Galbani",
        "price": "$34.67",
        "url": "https://shop.kimelo.com/sku/cheese-mozzarella-fresh-ovoline-galbani-23-lb-123382/123382"
      },
      {
        "name": "Cheese, Mozzarella, Fresh, Loaf, Sliced, 6/1 Lb - 123535",
        "brand": "Galbani",
        "price": "$38.68",
        "url": "https://shop.kimelo.com/sku/cheese-mozzarella-fresh-loaf-sliced-61-lb-123535/123535"
      }
    ],
    "others_you_may_like_urls": [],
    "image_description": "The cheese product depicted is **fresh mozzarella**, specifically **thin sliced**. Here\u2019s a detailed description:\n\n### Appearance\n- **Color**: The fresh mozzarella has a creamy, pale white to off-white color, typical of this cheese type.\n- **Form**: It is presented in thin, round slices, neatly stacked within a plastic packaging.\n- **Packaging**: The cheese is encased in a plastic container that allows for easy access and storage. The label features a rustic design, emphasizing its Italian origin.\n\n### Texture\n- **Feel**: Fresh mozzarella has a smooth, slightly elastic texture. When touched, it feels semi-soft and pliable.\n- **Consistency**: The slices are uniform in thickness, maintaining a soft yet firm consistency that holds shape while being thin enough to layer easily.\n\n### Characteristics\n- **Moisture**: Fresh mozzarella typically has a moist and slightly creamy quality, which may lead to some water pooling in the packaging.\n- **Taste**: It has a mild, milky flavor that is slightly tangy, making it versatile for various dishes, especially in salads and on pizzas.\n\n### Identification\n- **Usage**: This cheese is often used in Italian cuisine, particularly in Caprese salads, pizza, and as a topping for various dishes.\n- **Freshness**: The term \"fresh\" implies that it is best consumed soon after opening for optimal flavor and texture.\n\nThis product is a great representation of authentic fresh mozzarella, ideal for those"
  },
  {
    "url": "https://shop.kimelo.com/sku/cheese-feta-french-pail-valbreso-18-lb-avg-123797/123797",
    "title": "Cheese, Feta, French, Pail, Valbreso, 18 Lb Avg - 123797",
    "brand": "Valbreso",
    "sku": "123797",
    "upc": "123797",
    "image_urls": [
      "https://shop.kimelo.com/_next/image?url=https%3A%2F%2Fd3tlizm80tjdt4.cloudfront.net%2Fimage%2F17988%2Fimage%2Flg-662bf858b26f1c8424e94cb0c8c27cb8.jpg&w=3840&q=60"
    ],
    "case_price": "",
    "each_price": "$125.10",
    "case_pack_size": "",
    "each_pack_size": "1 Item",
    "case_weight": "",
    "each_weight": "18 lbs",
    "case_dimensions": "",
    "each_dimensions": "L 1\" x W 1\" x H 1\"",
    "price_per_unit": "$6.95/LB",
    "category": [
      "Cheese",
      "Specialty Cheese"
    ],
    "related_items": [
      {
        "name": "",
        "brand": "",
        "price": "",
        "url": "https://shop.kimelo.com/sku/cheese-mozzarella-wmlm-feather-shred-nb-45-lb-124254/124254"
      },
      {
        "name": "",
        "brand": "",
        "price": "",
        "url": "https://shop.kimelo.com/sku/cheese-indian-paneer-bulk-fresh-loaf-4-109240/109240"
      }
    ],
    "others_you_may_like_urls": [
      "https://shop.kimelo.com/sku/cheese-goat-chefs-chevre-tub-2-4-lb-103638/103638",
      "https://shop.kimelo.com/sku/cheese-mascarpone-tub-belgioioso-4-5-lb-107599/107599",
      "https://shop.kimelo.com/sku/cheese-queso-fresco-casero-bulk-12-lbs-112596/112596",
      "https://shop.kimelo.com/sku/cheese-mozzarella-fresh-ovoline-galbani-23-lb-123382/123382",
      "https://shop.kimelo.com/sku/cheese-feta-crumbles-president-25-lb-123341/123341",
      "https://shop.kimelo.com/sku/cheese-feta-rbst-free-estia-24-lb-124006/124006",
      "https://shop.kimelo.com/sku/cheese-feta-in-brine-pail-2-8-lb-124284/124284",
      "https://shop.kimelo.com/sku/cheese-ricotta-4-5lb-108718/108718",
      "https://shop.kimelo.com/sku/cheese-mozzarella-fresh-loaf-sliced-61-lb-123535/123535"
    ],
    "image_description": "The cheese product in the image appears to be Valbreso Feta, known for its distinctive features:\n\n### Appearance:\n- **Container**: It is packaged in a white plastic bucket, typically with a handle for easy carrying. \n- **Labeling**: The front of the bucket features a green label that emphasizes the product name \"Valbreso Feta.\" It includes details about the cheese, such as that it is a French white cheese made from pasteurized sheep's milk.\n- **Color**: While the container is white, the cheese itself is typically a creamy white color.\n\n### Texture:\n- **Consistency**: Feta cheese generally has a crumbly yet creamy texture. It is soft and can range from slightly grainy to moister varieties, depending on how it's stored.\n- **Mouthfeel**: Feta often provides a pleasantly tangy taste, which can be salty and slightly sharp, adding to its crumbliness.\n\n### Identifiable Characteristics:\n- **Flavor Profile**: Known for its tangy, salty flavor, which is characteristic of feta cheeses.\n- **Usage**: Commonly used in salads, pastries, or served with olives and bread, making it a versatile ingredient in Mediterranean cuisine.\n- **Milk Source**: This particular feta is made from sheep's milk, which contributes to its unique taste compared to cow's milk feta.\n\nOverall, the container and labeling along with the cheese's characteristics make it recognizable as a high-quality fet cheese,"
  },
  {
    "url": "https://shop.kimelo.com/sku/cheese-feta-greek-sheep-112-kg-124849/342870",
    "title": "Cheese, Feta, Greek, Sheep, 1/12 Kg 124849",
    "brand": "Kolios",
    "sku": "342870",
    "upc": "342870",
    "image_urls": [
      "https://shop.kimelo.com/_next/image?url=https%3A%2F%2Fd3tlizm80tjdt4.cloudfront.net%2Fremote_images%2Fimage%2F13368%2Flarge%2F3de91a4a4f6db1a981545894c8b582753ae7332cca26f07a08.jpg&w=3840&q=60"
    ],
    "case_price": "",
    "each_price": "$162.00",
    "case_pack_size": "",
    "each_pack_size": "1 Item",
    "case_weight": "",
    "each_weight": "15 lbs",
    "case_dimensions": "",
    "each_dimensions": "L 1\" x W 1\" x H 1\"",
    "price_per_unit": "",
    "category": [
      "Cheese",
      "Specialty Cheese"
    ],
    "related_items": [
      {
        "name": "",
        "brand": "",
        "price": "",
        "url": "https://shop.kimelo.com/sku/cheese-feta-in-brine-pail-2-8-lb-124284/124284"
      },
      {
        "name": "",
        "brand": "",
        "price": "",
        "url": "https://shop.kimelo.com/sku/cheese-goat-crumbled-22-lb-123365/123365"
      }
    ],
    "others_you_may_like_urls": [
      "https://shop.kimelo.com/sku/cheese-feta-rbst-free-estia-24-lb-124006/124006",
      "https://shop.kimelo.com/sku/cheese-feta-crumbles-president-25-lb-123341/123341",
      "https://shop.kimelo.com/sku/cheese-queso-fresco-casero-bulk-12-lbs-112596/112596",
      "https://shop.kimelo.com/sku/cheese-mascarpone-tub-belgioioso-4-5-lb-107599/107599",
      "https://shop.kimelo.com/sku/cheese-feta-sheepgoat-imported-ziria-14-kg-124111/124111",
      "https://shop.kimelo.com/sku/cheese-feta-french-pail-valbreso-18-lb-avg-123797/123797"
    ],
    "image_description": "The cheese product in the image is labeled as \"Greek Salad sheep\u2019s milk cheese\" from the brand Kolios. Here\u2019s a detailed description based on the packaging:\n\n### Appearance\n- **Color**: The cheese is white, typical of many sheep's milk cheeses.\n- **Shape**: It is likely cut into small cubes, ideal for incorporating into salads.\n- **Surface**: The cheese may have a slightly crumbly texture and might show some herbs or specks, suggesting seasoning.\n\n### Texture\n- **Mouthfeel**: Sheep\u2019s milk cheese often has a smooth and creamy texture, potentially making it rich and mild in flavor.\n- **Density**: The cheese may have a semi-soft consistency, giving it a pleasant bite but still allowing it to crumble easily.\n\n### Characteristics\n- **Brine**: The product is matured in brine, which adds a savory note and helps preserve the cheese. This typically results in a more moist texture.\n- **Flavor Profile**: Sheep\u2019s milk cheese can have a slightly tangy and nutty flavor, often more robust than cow's milk cheese.\n- **Usage**: It is commonly used in Mediterranean dishes, particularly salads, adding both flavor and texture.\n\nOverall, this cheese is ideal for salads, enhancing the dish with its creamy richness and salty brine characteristics."
  },
  {
    "url": "https://shop.kimelo.com/sku/cheese-cream-cheese-whipped-tub-philadelphia-6-377753-sku-172026/172026",
    "title": "Cheese, Cream Cheese, Whipped Tub, Philadelphia (6) 377753 - Sku 172026",
    "brand": "Kraft",
    "sku": "172026",
    "upc": "172026",
    "image_urls": [
      "https://shop.kimelo.com/_next/image?url=https%3A%2F%2Fd3tlizm80tjdt4.cloudfront.net%2Fremote_images%2Fimage%2F14101%2Flarge%2F1629a76e7915cf6d3936aa49f6ed4c52569b110e21ecb9650f.jpg&w=3840&q=60"
    ],
    "case_price": "$130.08",
    "each_price": "$21.68",
    "case_pack_size": "6 Eaches",
    "each_pack_size": "1 Item",
    "case_weight": "18 lbs",
    "each_weight": "3 lbs",
    "case_dimensions": "L 1\" x W 1\" x H 1\"",
    "each_dimensions": "L 1\" x W 1\" x H 1\"",
    "price_per_unit": "$7.23/LB",
    "category": [
      "Cheese",
      "Cream Cheese"
    ],
    "related_items": [
      {
        "name": "Cheese, Cream, Loaf, Philadelphia, (6) 3 Lb - 103663",
        "brand": "Philadelphia",
        "price": "$16.13",
        "url": "https://shop.kimelo.com/sku/cheese-cream-loaf-philadelphia-6-3-lb-103663/103663"
      },
      {
        "name": "Cheese, Cream, Loaf, 10/3 Lb - 112699",
        "brand": "Raskas",
        "price": "$85.56",
        "url": "https://shop.kimelo.com/sku/cheese-cream-loaf-103-lb-112699/112699"
      }
    ],
    "others_you_may_like_urls": [],
    "image_description": "The cheese product in question is a whipped cream cheese spread, specifically from the Philadelphia brand. \n\n### Appearance:\n- **Packaging:** It comes in a round, plastic tub with a screw-on lid. The label features the brand name prominently, along with the words \u201cWhipped original\u201d printed in bold.\n- **Color:** The cheese itself is a creamy white hue, indicative of many cream cheeses.\n- **Surface:** It appears smooth and fluffy, typical of whipped products, with soft peaks visible where it has been stirred or spread.\n\n### Texture:\n- **Consistency:** The whipped texture gives it a light and airy feel, making it easy to spread. It is denser than whipped cream but lighter than traditional cream cheese.\n- **Mouthfeel:** When tasted, it feels creamy and smooth, with minimal graininess, allowing for a pleasant melting on the palate.\n\n### Characteristics:\n- **Spreadability:** Due to its whipped consistency, this cream cheese spread is very easy to apply to various surfaces, such as bread or bagels.\n- **Flavor:** While specific flavor notes aren't visible, whipped cream cheese generally offers a mild, slightly tangy taste typical of cream cheese with a hint of sweetness.\n\nThis combination of appearance, texture, and characteristics helps to identify it as a whipped cream cheese spread, suitable for various culinary uses, from breakfast spreads to baking ingredients."
  },
  {
    "url": "https://shop.kimelo.com/sku/cheese-5-blend-moz-wmlmlmpsprovparmroma-65-lb-123784/123784",
    "title": "Cheese, 5 Blend, Moz Wmlm/lmps/prov/parm/roma, 6/5 Lb - 123784",
    "brand": "Galbani",
    "sku": "123784",
    "upc": "123784",
    "image_urls": [
      "https://shop.kimelo.com/_next/image?url=https%3A%2F%2Fd3tlizm80tjdt4.cloudfront.net%2Fremote_images%2Fimage%2F7464%2Flarge%2Fd53bc5c569cc13e354e54303269a88bb648b9c21928f75b0ca.jpg&w=3840&q=60"
    ],
    "case_price": "",
    "each_price": "$96.18",
    "case_pack_size": "",
    "each_pack_size": "1 Item",
    "case_weight": "",
    "each_weight": "30 lbs",
    "case_dimensions": "",
    "each_dimensions": "L 1\" x W 1\" x H 1\"",
    "price_per_unit": "$3.21/LB",
    "category": [
      "Cheese",
      "Shredded Cheese"
    ],
    "related_items": [
      {
        "name": "Cheese, Shredded, Jack & Cheddar Blend, Fancy, (4) 5 Lb - 103664",
        "brand": "Packer",
        "price": "$14.71",
        "url": "https://shop.kimelo.com/sku/cheese-shredded-jack-cheddar-blend-fancy-4-5-lb-103664/103664"
      }
    ],
    "others_you_may_like_urls": [
      "https://shop.kimelo.com/sku/cheese-pepperjack-feather-shred-45-lb-123794/123794",
      "https://shop.kimelo.com/sku/cheese-cheddar-shredded-fancy-mild-4-106832/106832",
      "https://shop.kimelo.com/sku/cheese-monterey-jack-shredded-fancy-4-5-lb-108930/108930",
      "https://shop.kimelo.com/sku/cheese-asiago-shredded-6-5-lb-111711/111711",
      "https://shop.kimelo.com/sku/cheese-blend-mozz-wm-ps-premio-shred-65-lb-112492/112492"
    ],
    "image_description": "This cheese product appears to be shredded mozzarella, a popular cheese known for its melting qualities and mild flavor. \n\n### Appearance:\n- **Color**: The cheese has a bright, pale white to ivory hue, typical of mozzarella.\n- **Form**: It is presented in the form of fine, shredded strands, which are often used for topping pizzas, pastas, and various dishes.\n- **Packaging**: The cheese is packaged in a clear plastic bag, allowing visibility of the shredded contents, with a prominent brand label indicating \"Galbani.\"\n\n### Texture:\n- **Feel**: The shredded cheese has a soft and slightly elastic texture, characteristic of mozzarella. It may feel slightly moist but not overly sticky.\n- **Quality**: The uniformity in the shreds suggests good quality, often indicating that the cheese has been created with care to maintain consistent size.\n\n### Additional Characteristics:\n- **Scent**: While not visible, shredded mozzarella typically has a mild and fresh dairy aroma with slight hints of creaminess.\n- **Usage**: It's commonly used in Italian cuisines such as lasagna, pizza, and casseroles due to its excellent melting properties.\n\nThese characteristics make it easy to identify this cheese as mozzarella, particularly in its shredded form."
  },
  {
    "url": "https://shop.kimelo.com/sku/cheese-mozzarella-lmps-loaf-premio-85-lb/374193",
    "title": "Cheese, Mozzarella, Lmps, Loaf, Premio, 8/5 Lb",
    "brand": "Galbani Premio",
    "sku": "374193",
    "upc": "374193",
    "image_urls": [
      "https://shop.kimelo.com/_next/image?url=https%3A%2F%2Fd3tlizm80tjdt4.cloudfront.net%2Fremote_images%2Fimage%2F8358%2Flarge%2F9185129582826b8edf298ab8d4583d79be4eb4a1716c8f0240.jpg&w=3840&q=60"
    ],
    "case_price": "",
    "each_price": "$102.95",
    "case_pack_size": "",
    "each_pack_size": "1 Item",
    "case_weight": "",
    "each_weight": "40 lbs",
    "case_dimensions": "",
    "each_dimensions": "L 1\" x W 1\" x H 1\"",
    "price_per_unit": "$12.87/LOAF",
    "category": [
      "Cheese",
      "Specialty Cheese"
    ],
    "related_items": [
      {
        "name": "",
        "brand": "",
        "price": "",
        "url": "https://shop.kimelo.com/sku/cheese-mozzarella-fresh-loaf-thin-slice-61-lb-112545/112545"
      },
      {
        "name": "",
        "brand": "",
        "price": "",
        "url": "https://shop.kimelo.com/sku/cheese-mozzarella-wmlm-feather-shred-nb-45-lb-124254/124254"
      }
    ],
    "others_you_may_like_urls": [
      "https://shop.kimelo.com/sku/cheese-goat-crumbled-22-lb-123365/123365",
      "https://shop.kimelo.com/sku/cheese-mascarpone-tub-belgioioso-4-5-lb-107599/107599",
      "https://shop.kimelo.com/sku/cheese-feta-crumbles-president-25-lb-123341/123341",
      "https://shop.kimelo.com/sku/cheese-mozzarella-fresh-loaf-sliced-61-lb-123535/123535",
      "https://shop.kimelo.com/sku/cheese-feta-french-pail-valbreso-18-lb-avg-123797/123797",
      "https://shop.kimelo.com/sku/cheese-queso-fresco-casero-bulk-12-lbs-112596/112596",
      "https://shop.kimelo.com/sku/cheese-mozzarella-fresh-ovoline-galbani-23-lb-123382/123382",
      "https://shop.kimelo.com/sku/cheese-feta-in-brine-pail-2-8-lb-124284/124284",
      "https://shop.kimelo.com/sku/cheese-feta-sheepgoat-imported-ziria-14-kg-124111/124111",
      "https://shop.kimelo.com/sku/cheese-ricotta-4-5lb-108718/108718",
      "https://shop.kimelo.com/sku/cheese-indian-paneer-bulk-fresh-loaf-4-109240/109240"
    ],
    "image_description": "This cheese product is a block of mozzarella, specifically from the brand Galbani, labeled as \"Premio.\" Here's a detailed description based on its appearance, texture, and identifiable characteristics:\n\n### Appearance\n- **Color**: The mozzarella has a pale, creamy white to slightly off-white color typical of fresh mozzarella.\n- **Shape**: It is shaped into a rectangular block, which is common for mozzarella sold for cooking or slicing.\n- **Packaging**: The cheese is packaged in a blue wrap with the brand name prominently displayed. The packaging may also contain nutritional information and product details.\n\n### Texture\n- **Consistency**: The texture of mozzarella is smooth and semi-soft. It is typically pliable, allowing it to be sliced easily.\n- **Moisture**: Being a fresh mozzarella, it generally has a higher moisture content, making it creamy and slightly stringy, especially when melted.\n\n### Characteristics\n- **Aroma**: Fresh mozzarella carries a mild, milky scent with subtle dairy notes.\n- **Taste**: The flavor is gentle and slightly tangy, characterized by its freshness.\n- **Usage**: This type of mozzarella is versatile, often used in pizzas, salads, and various pasta dishes, where it melts beautifully.\n\nThis particular product is an all-natural cheese, which indicates that it is made without artificial preservatives or additives, appealing to health-conscious consumers."
  },
  {
    "url": "https://shop.kimelo.com/sku/cheese-mozzarella-wmlm-loaf-premio-85-lb/374196",
    "title": "Cheese, Mozzarella, Wmlm, Loaf, Premio, 8/5 Lb",
    "brand": "Galbani Premio",
    "sku": "374196",
    "upc": "374196",
    "image_urls": [
      "https://shop.kimelo.com/_next/image?url=https%3A%2F%2Fd3tlizm80tjdt4.cloudfront.net%2Fremote_images%2Fimage%2F8390%2Flarge%2F76cb6966c63f148ee421dcda827cc12f87718f5b7951c2da6e.jpg&w=3840&q=60"
    ],
    "case_price": "",
    "each_price": "$108.52",
    "case_pack_size": "",
    "each_pack_size": "1 Item",
    "case_weight": "",
    "each_weight": "40 lbs",
    "case_dimensions": "",
    "each_dimensions": "L 1\" x W 1\" x H 1\"",
    "price_per_unit": "$10.85/LOAF",
    "category": [
      "Cheese",
      "Specialty Cheese"
    ],
    "related_items": [
      {
        "name": "",
        "brand": "",
        "price": "",
        "url": "https://shop.kimelo.com/sku/cheese-ricotta-4-5lb-108718/108718"
      },
      {
        "name": "",
        "brand": "",
        "price": "",
        "url": "https://shop.kimelo.com/sku/cheese-goat-chefs-chevre-tub-2-4-lb-103638/103638"
      }
    ],
    "others_you_may_like_urls": [
      "https://shop.kimelo.com/sku/cheese-mozzarella-fresh-loaf-thin-slice-61-lb-112545/112545",
      "https://shop.kimelo.com/sku/cheese-mascarpone-tub-belgioioso-4-5-lb-107599/107599",
      "https://shop.kimelo.com/sku/cheese-feta-crumbles-president-25-lb-123341/123341",
      "https://shop.kimelo.com/sku/cheese-feta-french-pail-valbreso-18-lb-avg-123797/123797",
      "https://shop.kimelo.com/sku/cheese-mozzarella-fresh-loaf-sliced-61-lb-123535/123535",
      "https://shop.kimelo.com/sku/cheese-queso-fresco-casero-bulk-12-lbs-112596/112596",
      "https://shop.kimelo.com/sku/cheese-mozzarella-fresh-ovoline-galbani-23-lb-123382/123382",
      "https://shop.kimelo.com/sku/cheese-feta-sheepgoat-imported-ziria-14-kg-124111/124111",
      "https://shop.kimelo.com/sku/cheese-indian-paneer-bulk-fresh-loaf-4-109240/109240",
      "https://shop.kimelo.com/sku/cheese-feta-in-brine-pail-2-8-lb-124284/124284"
    ],
    "image_description": "This cheese product is Galbani Premio Mozzarella. Here\u2019s a detailed description:\n\n### Appearance\n- **Packaging**: The cheese is packaged in a blue and white wrapper with the brand name prominently displayed. The graphics suggest a professional, artisan quality.\n- **Color**: The mozzarella itself has a pale, creamy color typical of fresh mozzarella, sometimes appearing slightly off-white.\n\n### Texture\n- **Feel**: The cheese likely has a smooth, slightly elastic texture. Fresh mozzarella is known for its moistness and slight stretchiness.\n- **Cut**: When sliced, it may show a soft, fibrous structure that is characteristic of mozzarella.\n\n### Characteristics\n- **Moisture**: Being a fresh mozzarella, it may retain some moisture, giving it a creamy feel. It often comes packed in a brine or whey solution to maintain freshness.\n- **Taste**: Fresh mozzarella typically has a mild, milky flavor with a slight tanginess, making it ideal for various dishes, particularly in salads, pizzas, and pasta.\n\n### Identification\n- **Type**: This cheese is a type of mozzarella, specifically made from whole milk, indicating a richer taste and texture compared to part-skim versions.\n- **Usage**: Often used in Italian cuisine, it is popular for melting and can enhance the flavor profile of a variety of dishes.\n\nOverall, this mozzarella cheese presents a classic appearance and texture that is well-suited for a wide range of culinary applications."
  },
  {
    "url": "https://shop.kimelo.com/sku/cheese-pepperjack-feather-shred-45-lb-123794/123794",
    "title": "Cheese, Pepperjack, Feather Shred, 4/5 Lb - 123794",
    "brand": "Cheswick",
    "sku": "123794",
    "upc": "123794",
    "image_urls": [
      "https://shop.kimelo.com/_next/image?url=https%3A%2F%2Fd3tlizm80tjdt4.cloudfront.net%2Fimage%2F17990%2Fimage%2Flg-d07fbb3e840185331e7df8417c7c42a8.png&w=3840&q=60"
    ],
    "case_price": "",
    "each_price": "$65.72",
    "case_pack_size": "",
    "each_pack_size": "1 Item",
    "case_weight": "",
    "each_weight": "20 lbs",
    "case_dimensions": "",
    "each_dimensions": "L 1\" x W 1\" x H 1\"",
    "price_per_unit": "$3.29/LB",
    "category": [
      "Cheese",
      "Shredded Cheese"
    ],
    "related_items": [
      {
        "name": "Cheese, Pepper Jack, Loaf (8) 103672",
        "brand": "Cheswick",
        "price": "$17.47",
        "url": "https://shop.kimelo.com/sku/cheese-pepper-jack-loaf-8-103672/103672"
      },
      {
        "name": "Cheese, Monterey Jack, Shredded, Fancy, (4) 5 Lb - 108930",
        "brand": "Cheswick",
        "price": "$16.26",
        "url": "https://shop.kimelo.com/sku/cheese-monterey-jack-shredded-fancy-4-5-lb-108930/108930"
      }
    ],
    "others_you_may_like_urls": [
      "https://shop.kimelo.com/sku/cheese-shredded-jack-cheddar-blend-fancy-4-5-lb-103664/103664",
      "https://shop.kimelo.com/sku/cheese-cheddar-shredded-fancy-mild-4-106832/106832",
      "https://shop.kimelo.com/sku/cheese-5-blend-moz-wmlmlmpsprovparmroma-65-lb-123784/123784",
      "https://shop.kimelo.com/sku/cheese-blend-mozz-wm-ps-premio-shred-65-lb-112492/112492",
      "https://shop.kimelo.com/sku/cheese-asiago-shredded-6-5-lb-111711/111711"
    ],
    "image_description": "The cheese product depicted is shredded cheese, likely resembling varieties such as mozzarella or a blend of cheeses commonly used for toppings, like pizza or casseroles.\n\n### Appearance:\n- **Color:** The shreds are primarily a pale, creamy white with a slightly off-white hue, indicating freshness.\n- **Shape:** The cheese is finely shredded into long, thin strands that are uniform in size, typical of packaged shredded cheese.\n- **Packaging:** It is vacuum-sealed in a clear plastic bag, allowing visibility of the contents.\n\n### Texture:\n- **Feel:** The texture appears smooth and slightly moist, typical for shredded cheese that has been processed and packaged. The shreds may have a slightly pliable feel, indicating they might melt well when heated.\n- **Density:** The shredded pieces are loosely packed but may clump together slightly due to moisture, which is common in processed cheeses.\n\n### Visibility Characteristics:\n- **Consistency:** The shreds are consistent in size, which can help identify it as a commercial product rather than a hand-shredded variety.\n- **Moisture:** There may be a slight sheen on the surface of the cheese, suggesting it retains some moisture. This is often a characteristic of cheese that is not overly dry or aged.\n\nOverall, the visual aspects, texture, and packaging characteristics combined provide clear indicators of the type of cheese, typically suited for melting and topping dishes."
  },
  {
    "url": "https://shop.kimelo.com/sku/cheese-mozzarella-frozen-ovoline-galbani-23-lb/374567",
    "title": "Cheese, Mozzarella, Frozen, Ovoline, Galbani, 2/3 Lb",
    "brand": "Galbani",
    "sku": "374567",
    "upc": "374567",
    "image_urls": [
      "https://shop.kimelo.com/_next/image?url=https%3A%2F%2Fd3tlizm80tjdt4.cloudfront.net%2Fremote_images%2Fimage%2F10806%2Flarge%2Ff582a3472e0fb20384b99c3ce0241fd54d3226071c01b1cd0c.jpg&w=3840&q=60"
    ],
    "case_price": "",
    "each_price": "$14.64",
    "case_pack_size": "",
    "each_pack_size": "1 Item",
    "case_weight": "",
    "each_weight": "6 lbs",
    "case_dimensions": "",
    "each_dimensions": "L 1\" x W 1\" x H 1\"",
    "price_per_unit": "$2.44/LB",
    "category": [
      "Cheese",
      "Specialty Cheese"
    ],
    "related_items": [
      {
        "name": "",
        "brand": "",
        "price": "",
        "url": "https://shop.kimelo.com/sku/cheese-feta-rbst-free-estia-24-lb-124006/124006"
      },
      {
        "name": "",
        "brand": "",
        "price": "",
        "url": "https://shop.kimelo.com/sku/cheese-goat-crumbled-22-lb-123365/123365"
      }
    ],
    "others_you_may_like_urls": [
      "https://shop.kimelo.com/sku/cheese-mozzarella-fresh-ovoline-galbani-23-lb-123382/123382",
      "https://shop.kimelo.com/sku/cheese-feta-crumbles-president-25-lb-123341/123341",
      "https://shop.kimelo.com/sku/cheese-mascarpone-tub-belgioioso-4-5-lb-107599/107599",
      "https://shop.kimelo.com/sku/cheese-feta-sheepgoat-imported-ziria-14-kg-124111/124111",
      "https://shop.kimelo.com/sku/cheese-queso-fresco-casero-bulk-12-lbs-112596/112596",
      "https://shop.kimelo.com/sku/cheese-feta-french-pail-valbreso-18-lb-avg-123797/123797",
      "https://shop.kimelo.com/sku/cheese-feta-in-brine-pail-2-8-lb-124284/124284"
    ],
    "image_description": "The cheese product in question is Galbani Fresh Mozzarella Ovolini. Here\u2019s a detailed description:\n\n### Appearance\n- **Container**: The cheese comes in a white plastic tub with a lid, prominently featuring the red and green branding of Galbani. The exterior has colorful images of tomatoes and mozzarella slices, emphasizing freshness.\n- **Cheese**: Within the container, the mozzarella is typically found in small, oval-shaped balls (ovolini), which are glossy and white. This appearance evokes a sense of freshness and quality.\n\n### Texture\n- **Consistency**: The mozzarella has a smooth, slightly elastic texture, characteristic of fresh cheese. When you bite into it, it offers a gentle resistance but tends to be moist and somewhat creamy.\n- **Mouthfeel**: The cheese is tender and has a stretchiness when pulled apart, which is typical of mozzarella, making it ideal for salads and pizza.\n\n### Visible Characteristics\n- **Moisture**: The cheese is often packed with a small amount of liquid or brine, which helps maintain moisture and prevent drying out. It has a silky sheen on its surface.\n- **Aroma**: Fresh mozzarella has a mild, milky scent, with subtle hints of creaminess that add to its appeal.\n\nOverall, this cheese is recognized for its freshness, delicate flavor, and versatility in various dishes, making it a popular choice among cheese lovers and culinary enthusiasts."
  },
  {
    "url": "https://shop.kimelo.com/sku/cheese-muenster-loaf-6-5-lbssku-172091/172091",
    "title": "Cheese, Muenster, Loaf (6) 5 Lbs,sku 172091",
    "brand": "Packer",
    "sku": "172091",
    "upc": "172091",
    "image_urls": [
      "https://shop.kimelo.com/_next/image?url=https%3A%2F%2Fd3tlizm80tjdt4.cloudfront.net%2Fremote_images%2Fimage%2F14165%2Flarge%2F3604cfb5f7423dea9901d6d634a59e41aa734799d2ef09b80a.jpg&w=3840&q=60"
    ],
    "case_price": "$197.40",
    "each_price": "$32.90",
    "case_pack_size": "6 Eaches",
    "each_pack_size": "1 Item",
    "case_weight": "30 lbs",
    "each_weight": "5 lbs",
    "case_dimensions": "L 1\" x W 1\" x H 1\"",
    "each_dimensions": "L 1\" x W 1\" x H 1\"",
    "price_per_unit": "$6.58/LB",
    "category": [
      "Cheese",
      "Specialty Cheese"
    ],
    "related_items": [
      {
        "name": "",
        "brand": "",
        "price": "",
        "url": "https://shop.kimelo.com/sku/cheese-feta-sheepgoat-imported-ziria-14-kg-124111/124111"
      },
      {
        "name": "",
        "brand": "",
        "price": "",
        "url": "https://shop.kimelo.com/sku/cheese-mozzarella-fresh-loaf-sliced-61-lb-123535/123535"
      }
    ],
    "others_you_may_like_urls": [
      "https://shop.kimelo.com/sku/cheese-indian-paneer-bulk-fresh-loaf-4-109240/109240",
      "https://shop.kimelo.com/sku/cheese-mascarpone-tub-belgioioso-4-5-lb-107599/107599",
      "https://shop.kimelo.com/sku/cheese-queso-fresco-casero-bulk-12-lbs-112596/112596",
      "https://shop.kimelo.com/sku/cheese-feta-crumbles-president-25-lb-123341/123341",
      "https://shop.kimelo.com/sku/cheese-mozzarella-fresh-loaf-thin-slice-61-lb-112545/112545",
      "https://shop.kimelo.com/sku/cheese-feta-in-brine-pail-2-8-lb-124284/124284",
      "https://shop.kimelo.com/sku/cheese-mozzarella-fresh-ovoline-galbani-23-lb-123382/123382",
      "https://shop.kimelo.com/sku/cheese-feta-french-pail-valbreso-18-lb-avg-123797/123797",
      "https://shop.kimelo.com/sku/cheese-ricotta-4-5lb-108718/108718"
    ],
    "image_description": "The cheese product depicted has a distinctive rectangular shape, suggesting it's likely a block cheese. The outer layer features a radiant orange rind, which could indicate that it has been colored with annatto or a similar dye, commonly used in certain cheese varieties. \n\nUpon closer inspection of the exposed side, the inner cheese is pale yellow to white in color, suggesting a creamy or semi-firm texture. The texture appears smooth and consistent, indicative of a processed cheese or a mild variety, which often has a soft, sliceable quality.\n\nThe cheese slices shown are uniformly cut, demonstrating an easy slicing capability, which is often characteristic of cheeses designed for sandwiches or platters. Overall, the combination of the vibrant rind and the smooth inner cheese presents it as an appealing and versatile option for various culinary uses."
  },
  {
    "url": "https://shop.kimelo.com/sku/cheese-pecorino-romano-14-lb-124109/124109",
    "title": "Cheese, Pecorino, Romano, 14 Lb 124109",
    "brand": "Zerto",
    "sku": "124109",
    "upc": "124109",
    "image_urls": [
      "https://shop.kimelo.com/_next/image?url=https%3A%2F%2Fd3tlizm80tjdt4.cloudfront.net%2Fremote_images%2Fimage%2F7585%2Flarge%2F5e9fb92972e7c55f084d3e6ac2c12de398d31976a60c8e6983.jpg&w=3840&q=60"
    ],
    "case_price": "",
    "each_price": "$71.25",
    "case_pack_size": "",
    "each_pack_size": "1 Item",
    "case_weight": "",
    "each_weight": "14 lbs",
    "case_dimensions": "",
    "each_dimensions": "L 1\" x W 1\" x H 1\"",
    "price_per_unit": "$5.09/LB",
    "category": [
      "Cheese",
      "Sliced Cheese"
    ],
    "related_items": [
      {
        "name": "",
        "brand": "",
        "price": "",
        "url": "https://shop.kimelo.com/sku/cheese-monterey-jack-block-40-lb-avg-103562/103562"
      },
      {
        "name": "",
        "brand": "",
        "price": "",
        "url": "https://shop.kimelo.com/sku/cheese-cheddar-medium-loaf-2-5lb-106815/106815"
      }
    ],
    "others_you_may_like_urls": [
      "https://shop.kimelo.com/sku/cheese-cheddar-mild-loaf-8-5-lb-103670/103670",
      "https://shop.kimelo.com/sku/cheese-gruyere-imported-loaf-2-5-lb-108978/108978",
      "https://shop.kimelo.com/sku/cheese-paneer-gopi-1514-oz-124005/124005",
      "https://shop.kimelo.com/sku/cheese-halloumi-tradition-greek-import-4088-oz-124144/124144",
      "https://shop.kimelo.com/sku/cheese-american-120-slice-yellow-4-5-lb-103674/103674",
      "https://shop.kimelo.com/sku/cheese-swiss-sliced-processed-120-ct-4-5-lb-100014/100014",
      "https://shop.kimelo.com/sku/cheese-swiss-sliced-8-15-lb-103602/103602"
    ],
    "image_description": "This cheese product appears to be a wheel of Pecorino Romano, a well-known Italian cheese made from sheep's milk. \n\n### Appearance:\n- **Shape**: The cheese is presented in a cylindrical wheel shape.\n- **Color**: It has a creamy, pale yellow to off-white hue, typical of sheep's milk cheeses.\n- **Surface**: The exterior is relatively smooth, often with a slightly waxy texture. It features embossed markings or stamps that confirm its identification as Pecorino Romano.\n- **Cut Face**: The wedge that has been cut away reveals a somewhat crumbly texture with a few visible granules.\n\n### Texture:\n- **Hardness**: Pecorino Romano is known for its hard, somewhat crumbly texture, making it ideal for grating.\n- **Mouthfeel**: It has a dry consistency, with a granular characteristic that becomes more pronounced as it ages.\n\n### Visible Characteristics:\n- **Aging**: This cheese is typically aged for several months, contributing to its robust flavor profile and crumbly texture.\n- **Rind**: The rind is often left intact for maturation, adding an earthy flavor, while the inner paste is pale and firm.\n- **Flavor Indicators**: Pecorino Romano is known for its sharp, salty flavor, which is likely reflected in its aroma and taste profile.\n\nThese attributes help in identifying it as Pecorino Romano, widely used in Italian cuisine, particularly in pasta dishes like Cacio e"
  },
  {
    "url": "https://shop.kimelo.com/sku/cheese-cheddar-sharp-white-100075-oz-oz-tillamook-613897-sku-172111/172111",
    "title": "Cheese, Cheddar, Sharp White, 100/0.75 Oz Oz Tillamook 613897, Sku 172111",
    "brand": "Tillamook",
    "sku": "172111",
    "upc": "172111",
    "image_urls": [
      "https://shop.kimelo.com/_next/image?url=https%3A%2F%2Fd3tlizm80tjdt4.cloudfront.net%2Fremote_images%2Fimage%2F14324%2Flarge%2F3aa910ca33d508b59f1e34076b0a56edd67260d300d28a2c9d.jpg&w=3840&q=60"
    ],
    "case_price": "",
    "each_price": "$49.80",
    "case_pack_size": "",
    "each_pack_size": "1 Item",
    "case_weight": "",
    "each_weight": "4.69 lbs",
    "case_dimensions": "",
    "each_dimensions": "L 1\" x W 1\" x H 1\"",
    "price_per_unit": "$0.50/CT",
    "category": [
      "Cheese",
      "Sliced Cheese"
    ],
    "related_items": [
      {
        "name": "",
        "brand": "",
        "price": "",
        "url": "https://shop.kimelo.com/sku/cheese-cheddar-medium-loaf-2-5lb-106815/106815"
      },
      {
        "name": "",
        "brand": "",
        "price": "",
        "url": "https://shop.kimelo.com/sku/cheese-cheddar-mild-loaf-8-5-lb-103670/103670"
      }
    ],
    "others_you_may_like_urls": [
      "https://shop.kimelo.com/sku/cheese-monterey-jack-block-40-lb-avg-103562/103562",
      "https://shop.kimelo.com/sku/cheese-halloumi-tradition-greek-import-4088-oz-124144/124144",
      "https://shop.kimelo.com/sku/cheese-paneer-gopi-1514-oz-124005/124005",
      "https://shop.kimelo.com/sku/cheese-american-120-slice-yellow-4-5-lb-103674/103674",
      "https://shop.kimelo.com/sku/cheese-gruyere-imported-loaf-2-5-lb-108978/108978",
      "https://shop.kimelo.com/sku/cheese-swiss-sliced-processed-120-ct-4-5-lb-100014/100014",
      "https://shop.kimelo.com/sku/cheese-pecorino-romano-14-lb-124109/124109",
      "https://shop.kimelo.com/sku/cheese-swiss-sliced-8-15-lb-103602/103602"
    ],
    "image_description": "The cheese product depicted is **Tillamook Sharp White Cheddar**. Here\u2019s a detailed description:\n\n### Appearance\n- **Color**: The cheese has a pale to creamy white color, indicative of many white cheddars. There may be slight variations in hue, potentially reflecting the aging process.\n- **Shape**: It is presented in a rectangular block form, typical for cheddar cheeses, which allows for easy slicing.\n- **Packaging**: The cheese is wrapped in a clear plastic, displaying its branded packaging prominently with a bright orange label that features the name \"Tillamook\" and the term \"Sharp White Cheddar.\"\n\n### Texture\n- **Firmness**: The texture is firm and smooth, characteristic of cheddar cheese. When sliced, it should hold its shape well.\n- **Crumb Structure**: Sharp white cheddar often has a slightly crumbly texture, especially as it ages. This cheese may display tiny holes or fissures if it's particularly aged.\n\n### Visible Characteristics\n- **Aging**: The \"sharp\" descriptor suggests a more pronounced flavor profile, which typically results from a longer aging process. This can often be reflected in a slightly drier outer texture compared to younger cheddar.\n- **Surface**: The surface might have a slight sheen due to the packaging, but it should maintain a clean appearance without signs of moisture or mold.\n\nThese features help identify it as a sharp white cheddar, suitable for snacking, cooking, or cheese boards."
  },
  {
    "url": "https://shop.kimelo.com/sku/cheese-mini-babybel-red-wrap-72075-oz-sku-172119/172119",
    "title": "Cheese, Mini, Babybel (red Wrap) 72/0.75 Oz, Sku 172119",
    "brand": "Laughing Cow",
    "sku": "172119",
    "upc": "172119",
    "image_urls": [
      "https://shop.kimelo.com/_next/image?url=https%3A%2F%2Fd3tlizm80tjdt4.cloudfront.net%2Fremote_images%2Fimage%2F15042%2Flarge%2F64d318bfa191689dcd2fdd03a5a5b886ce673abf9c3da42d7d.jpg&w=3840&q=60"
    ],
    "case_price": "",
    "each_price": "$51.29",
    "case_pack_size": "",
    "each_pack_size": "1 Item",
    "case_weight": "",
    "each_weight": "4 lbs",
    "case_dimensions": "",
    "each_dimensions": "L 1\" x W 1\" x H 1\"",
    "price_per_unit": "$0.71/CT",
    "category": [
      "Cheese",
      "Specialty Cheese"
    ],
    "related_items": [
      {
        "name": "",
        "brand": "",
        "price": "",
        "url": "https://shop.kimelo.com/sku/cheese-ricotta-4-5lb-108718/108718"
      },
      {
        "name": "",
        "brand": "",
        "price": "",
        "url": "https://shop.kimelo.com/sku/cheese-feta-sheepgoat-imported-ziria-14-kg-124111/124111"
      }
    ],
    "others_you_may_like_urls": [
      "https://shop.kimelo.com/sku/cheese-mozzarella-fresh-loaf-sliced-61-lb-123535/123535",
      "https://shop.kimelo.com/sku/cheese-mascarpone-tub-belgioioso-4-5-lb-107599/107599",
      "https://shop.kimelo.com/sku/cheese-queso-fresco-casero-bulk-12-lbs-112596/112596",
      "https://shop.kimelo.com/sku/cheese-feta-crumbles-president-25-lb-123341/123341",
      "https://shop.kimelo.com/sku/cheese-feta-in-brine-pail-2-8-lb-124284/124284",
      "https://shop.kimelo.com/sku/cheese-mozzarella-fresh-loaf-thin-slice-61-lb-112545/112545",
      "https://shop.kimelo.com/sku/cheese-mozzarella-fresh-ovoline-galbani-23-lb-123382/123382",
      "https://shop.kimelo.com/sku/cheese-feta-french-pail-valbreso-18-lb-avg-123797/123797"
    ],
    "image_description": "The cheese product depicted is Mini Babybel, a well-known semi-soft cheese. Here\u2019s a detailed description:\n\n### Appearance\n- **Shape**: Each cheese is round, resembling a small, flat sphere.\n- **Color**: The exterior is covered in a vibrant red wax coating, which is shiny and smooth, typically used for protection and to help maintain freshness.\n- **Packaging**: The cheeses are bundled together in a netted bag, with a label prominently featuring the \"Mini Babybel\" brand name in white font against a green and red background.\n\n### Texture\n- **Exterior**: The wax coating is firm and pliable, creating a protective layer. \n- **Interior**: Once unwrapped, the cheese has a creamy, soft texture. It is pliable and easily cuts, making it suitable for snacking.\n  \n### Characteristics\n- **Flavor**: Mini Babybel is mild and slightly milky in flavor, appealing to a wide range of tastes. \n- **Aroma**: The cheese has a subtle, fresh dairy scent that is light and inviting.\n- **Serving Size**: Each piece is individually wrapped, typically weighing around 0.75 oz (21g), making them perfect for portable snacks.\n\nThis description highlights the key aspects of Mini Babybel cheese, focusing on its visual appeal, texture, and characteristics that can help identify it as a snack cheese."
  },
  {
    "url": "https://shop.kimelo.com/sku/cottage-cheese-classic-organic-125-oz-84778-sku-172052/172052",
    "title": "Cottage Cheese, Classic, Organic 12/5 Oz, 84778, Sku 172052",
    "brand": "Good Culture",
    "sku": "172052",
    "upc": "172052",
    "image_urls": [
      "https://shop.kimelo.com/_next/image?url=https%3A%2F%2Fd3tlizm80tjdt4.cloudfront.net%2Fremote_images%2Fimage%2F14127%2Flarge%2F4592cd8b283b8b952fa20c781d12f972304c9a87cb2f61e548.jpg&w=3840&q=60"
    ],
    "case_price": "",
    "each_price": "$39.93",
    "case_pack_size": "",
    "each_pack_size": "1 Item",
    "case_weight": "",
    "each_weight": "3.75 lbs",
    "case_dimensions": "",
    "each_dimensions": "L 1\" x W 1\" x H 1\"",
    "price_per_unit": "$3.33/CT",
    "category": [
      "Cheese",
      "Cottage Cheese"
    ],
    "related_items": [],
    "others_you_may_like_urls": [],
    "image_description": "This product is a container of whole milk cottage cheese. Here\u2019s a detailed description:\n\n### Appearance:\n- **Container:** The cheese is housed in a round plastic container with a screw-on lid.\n- **Labeling:** The packaging features a clean, modern design with \"Good Culture\" prominently displayed. The colors are primarily white and blue.\n- **Texture of the Cheese:** Upon opening, one can expect to see small, soft white curds that are characteristic of cottage cheese. The texture appears creamy and somewhat moist.\n\n### Texture:\n- **Curds:** The individual curds are small and tender, indicating a fresh product. They are loosely packed and not overly rubbery or dry.\n- **Creaminess:** There is a visible creaminess that coats the curds, which contributes to its rich texture.\n\n### Visible Characteristics:\n- **Color:** The curds are white, often with a hint of creaminess due to the whole milk content.\n- **Consistency:** The cheese looks lusciously thick but remains spoonable, typical for cottage cheese.\n- **Nutritional Information:** The packaging specifies its protein content (19 grams) and milk fat content (4%), suggesting it's a nutritious option.\n\nOverall, this product exemplifies a traditional cottage cheese with fresh, soft curds and a creamy texture, ideal for snacking or incorporating into various dishes."
  },
  {
    "url": "https://shop.kimelo.com/sku/cheese-stringles-string-mozzarella-organic-241-oz-ct-10278-sku-172034/172034",
    "title": "Cheese, Stringles String Mozzarella, Organic 24/1 Oz Ct , 10278 - Sku 172034",
    "brand": "Organic Valley",
    "sku": "172034",
    "upc": "172034",
    "image_urls": [
      "https://shop.kimelo.com/_next/image?url=https%3A%2F%2Fd3tlizm80tjdt4.cloudfront.net%2Fremote_images%2Fimage%2F14108%2Flarge%2F1e1a30fbd64008edf49188430d0cb4542ac9e0615d8f6e2380.jpg&w=3840&q=60"
    ],
    "case_price": "",
    "each_price": "$20.65",
    "case_pack_size": "",
    "each_pack_size": "1 Item",
    "case_weight": "",
    "each_weight": "1.5 lbs",
    "case_dimensions": "",
    "each_dimensions": "L 1\" x W 1\" x H 1\"",
    "price_per_unit": "$0.86/CT",
    "category": [
      "Cheese",
      "Specialty Cheese"
    ],
    "related_items": [
      {
        "name": "",
        "brand": "",
        "price": "",
        "url": "https://shop.kimelo.com/sku/cheese-feta-french-pail-valbreso-18-lb-avg-123797/123797"
      },
      {
        "name": "",
        "brand": "",
        "price": "",
        "url": "https://shop.kimelo.com/sku/cheese-mozzarella-fresh-ovoline-galbani-23-lb-123382/123382"
      }
    ],
    "others_you_may_like_urls": [
      "https://shop.kimelo.com/sku/cheese-feta-sheepgoat-imported-ziria-14-kg-124111/124111",
      "https://shop.kimelo.com/sku/cheese-mascarpone-tub-belgioioso-4-5-lb-107599/107599",
      "https://shop.kimelo.com/sku/cheese-queso-fresco-casero-bulk-12-lbs-112596/112596",
      "https://shop.kimelo.com/sku/cheese-feta-crumbles-president-25-lb-123341/123341",
      "https://shop.kimelo.com/sku/cheese-mozzarella-fresh-loaf-thin-slice-61-lb-112545/112545",
      "https://shop.kimelo.com/sku/cheese-feta-in-brine-pail-2-8-lb-124284/124284",
      "https://shop.kimelo.com/sku/cheese-mozzarella-fresh-loaf-sliced-61-lb-123535/123535"
    ],
    "image_description": "This cheese product is Organic Valley String Cheese, which is typically recognized for its appealing characteristics:\n\n### Appearance:\n- **Color:** The cheese is a consistent pale yellow or light ivory shade.\n- **Shape:** It often comes in a cylindrical form, resembling cheese sticks, which can be easily pulled apart or \"strung.\"\n- **Packaging:** The cheese is packaged in a bright, colorful plastic bag that prominently features the brand name and product type. The design is often child-friendly, with images of nature and happy children, emphasizing an organic, wholesome image.\n\n### Texture:\n- **Feel:** The texture is smooth and pliable. When pulled apart, it exhibits a slightly stretchy quality characteristic of mozzarella-type cheeses.\n- **Striations:** The cheese can often be separated into thinner strands, highlighting its \"string\" feature. This makes it fun to eat, especially for children.\n  \n### Additional Characteristics:\n- **Flavor:** While the specific flavor isn't visible, string cheese generally has a mild, slightly tangy taste, reminiscent of mozzarella.\n- **Nutritional Information:** The packaging often emphasizes the health benefits, like being low in fat and high in protein, making it a popular snack choice.\n- **Organic Certification:** Look for the USDA Organic seal on the packaging, indicating that it is made from organic ingredients.\n\nThese characteristics combined help identify it as a popular snack cheese, particularly favored by families."
  },
  {
    "url": "https://shop.kimelo.com/sku/cheese-parmesan-shredded-6-5-lb-124603/124603",
    "title": "Cheese, Parmesan, Shredded, (6) 5 Lb - 124603",
    "brand": "Galbani",
    "sku": "124603",
    "upc": "124603",
    "image_urls": [
      "https://shop.kimelo.com/_next/image?url=https%3A%2F%2Fd3tlizm80tjdt4.cloudfront.net%2Fremote_images%2Fimage%2F2650%2Flarge%2F159ca5679a59aa3c415b09d0ff0c1ddf31320ae7bb863a3660.jpg&w=3840&q=60"
    ],
    "case_price": "$161.28",
    "each_price": "$26.88",
    "case_pack_size": "6 Eaches",
    "each_pack_size": "1 Item",
    "case_weight": "5 lbs",
    "each_weight": "0.833333 lbs",
    "case_dimensions": "L 1\" x W 1\" x H 1\"",
    "each_dimensions": "L 1\" x W 1\" x H 1\"",
    "price_per_unit": "$5.38/LB",
    "category": [
      "Cheese",
      "Shredded Cheese"
    ],
    "related_items": [
      {
        "name": "",
        "brand": "",
        "price": "",
        "url": "https://shop.kimelo.com/sku/cheese-parmesan-shaved-4-5-lb-106816/106816"
      },
      {
        "name": "",
        "brand": "",
        "price": "",
        "url": "https://shop.kimelo.com/sku/cheese-parmesan-grated-imported-4-5-lb-111522/111522"
      },
      {
        "name": "Cheese, Parmesan, Wheel, Usa, 20 Lb Avg - 112306",
        "brand": "Galbani",
        "price": "$111.67",
        "url": "https://shop.kimelo.com/sku/cheese-parmesan-wheel-usa-20-lb-avg-112306/112306"
      },
      {
        "name": "Cheese, Parmesan, Shaved, (4) 5 Lb - 106816",
        "brand": "Galbani",
        "price": "$26.44",
        "url": "https://shop.kimelo.com/sku/cheese-parmesan-shaved-4-5-lb-106816/106816"
      },
      {
        "name": "",
        "brand": "",
        "price": "",
        "url": "https://shop.kimelo.com/sku/cheese-parmesan-grated-imported-4-5-lb-111522/111522"
      },
      {
        "name": "",
        "brand": "",
        "price": "",
        "url": "https://shop.kimelo.com/sku/cheese-parmesan-wheel-usa-20-lb-avg-112306/112306"
      },
      {
        "name": "",
        "brand": "",
        "price": "",
        "url": "https://shop.kimelo.com/sku/cheese-parmesan-shaved-4-5-lb-106816/106816"
      },
      {
        "name": "",
        "brand": "",
        "price": "",
        "url": "https://shop.kimelo.com/sku/cheese-parmesan-grated-imported-4-5-lb-111522/111522"
      }
    ],
    "others_you_may_like_urls": [
      "https://shop.kimelo.com/sku/cheese-shredded-jack-cheddar-blend-fancy-4-5-lb-103664/103664",
      "https://shop.kimelo.com/sku/cheese-cheddar-shredded-fancy-mild-4-106832/106832",
      "https://shop.kimelo.com/sku/cheese-monterey-jack-shredded-fancy-4-5-lb-108930/108930",
      "https://shop.kimelo.com/sku/cheese-asiago-shredded-6-5-lb-111711/111711",
      "https://shop.kimelo.com/sku/cheese-blend-mozz-wm-ps-premio-shred-65-lb-112492/112492",
      "https://shop.kimelo.com/sku/cheese-5-blend-moz-wmlmlmpsprovparmroma-65-lb-123784/123784",
      "https://shop.kimelo.com/sku/cheese-pepperjack-feather-shred-45-lb-123794/123794"
    ],
    "image_description": "The cheese product depicted is shredded Parmesan cheese. Here's a detailed description:\n\n### Appearance\n- **Color:** The cheese appears pale yellow to white in hue, typical for Parmesan.\n- **Shape and Size:** The shreds are long and thin, resembling fine strands or flakes rather than large chunks. This presentation is common in pre-packaged shredded cheeses.\n- **Packaging:** It is contained in a clear plastic bag, allowing visibility of the cheese inside. The packaging includes a label that identifies the product as \"Shredded Parmesan Cheese.\"\n\n### Texture\n- **Consistency:** The texture is dry and crumbly, which is characteristic of aged cheeses like Parmesan. The shreds are not at all creamy, and they may feel slightly granular to the touch.\n- **Moisture Content:** Being shredded, it may appear a bit less moist compared to block cheese, as shredded Parmesan often has lower moisture levels.\n\n### Characteristics\n- **Flavor Profile:** While flavor cannot be observed visually, Parmesan is typically known for its nutty, savory, and slightly salty flavor.\n- **Use in Cooking:** This type of cheese is commonly used as a topping for pasta, salads, and soups, or as an ingredient in various dishes due to its ability to melt and blend well.\n- **Aging:** Parmesan cheese is aged for a significant period, often around 12 months or more, contributing to its firm texture and robust flavor.\n\nOverall, this shredded Parmesan cheese product is identified by its characteristic appearance and texture,"
  },
  {
    "url": "https://shop.kimelo.com/sku/cheese-provolone-no-smoke-professionale-8-5-lb-123792/123792",
    "title": "Cheese, Provolone, No Smoke, Professionale, (8) 5 Lb - 123792",
    "brand": "Galbani",
    "sku": "123792",
    "upc": "123792",
    "image_urls": [
      "https://shop.kimelo.com/_next/image?url=https%3A%2F%2Fd3tlizm80tjdt4.cloudfront.net%2Fimage%2F17989%2Fimage%2Flg-af6c08a5da619043d212dd3005ec643b.jpg&w=3840&q=60"
    ],
    "case_price": "$115.20",
    "each_price": "$14.40",
    "case_pack_size": "8 Eaches",
    "each_pack_size": "1 Item",
    "case_weight": "5 lbs",
    "each_weight": "0.625 lbs",
    "case_dimensions": "L 1\" x W 1\" x H 1\"",
    "each_dimensions": "L 1\" x W 1\" x H 1\"",
    "price_per_unit": "$2.88/LB",
    "category": [
      "Cheese",
      "Cheese Loaf"
    ],
    "related_items": [],
    "others_you_may_like_urls": [],
    "image_description": "The cheese product shown is **Galbani Not Smoked Provolone Cheese**. Here\u2019s a detailed description:\n\n### Appearance\n- **Color**: The cheese has a pale yellow to light cream color, characteristic of provolone.\n- **Shape**: It is typically packaged in a block form, with smooth, rectangular edges.\n- **Packaging**: The cheese is enclosed in a blue plastic wrapper that features bold white lettering indicating its name and type.\n\n### Texture\n- **Surface**: The outer surface of the cheese appears smooth and slightly shiny, indicating a well-matured product.\n- **Interior**: When cut, the interior is likely to be semi-firm, allowing for easy slicing without crumbling excessively. It might have a slight sheen from moisture.\n\n### Visible Characteristics\n- **Marbling**: There may be subtle striations or a uniform texture throughout the cheese, emphasizing its quality and aging process.\n- **Aging**: Provolone varieties can exhibit varying textures; this one is \"not smoked\" which often implies a creamier profile than its smoked counterpart.\n\n### Flavor Profile\nWhile not visible, provolone is known for its mild to tangy flavor, which becomes sharper with aging. \n\nOverall, this cheese is versatile for melting, slicing, and pairing with various food items, making it a favorite choice for culinary uses."
  },
  {
    "url": "https://shop.kimelo.com/sku/cheese-mozzarella-wmlm-premio-tigrato-shred-65lb-125732/125732",
    "title": "Cheese, Mozzarella, Wmlm, Premio, Tigrato Shred, 6/5lb 125732",
    "brand": "Galbani Premio",
    "sku": "125732",
    "upc": "125732",
    "image_urls": [
      "https://shop.kimelo.com/_next/image?url=https%3A%2F%2Fd3tlizm80tjdt4.cloudfront.net%2Fremote_images%2Fimage%2F7219%2Flarge%2F033c01725f633ca8a59c3d6dcaf44be923452f0bca262e94b0.jpg&w=3840&q=60"
    ],
    "case_price": "",
    "each_price": "$104.33",
    "case_pack_size": "",
    "each_pack_size": "1 Item",
    "case_weight": "",
    "each_weight": "30 lbs",
    "case_dimensions": "",
    "each_dimensions": "L 1\" x W 1\" x H 1\"",
    "price_per_unit": "$3.48/LB",
    "category": [
      "Cheese",
      "Specialty Cheese"
    ],
    "related_items": [
      {
        "name": "",
        "brand": "",
        "price": "",
        "url": "https://shop.kimelo.com/sku/cheese-mozzarella-fresh-loaf-thin-slice-61-lb-112545/112545"
      },
      {
        "name": "",
        "brand": "",
        "price": "",
        "url": "https://shop.kimelo.com/sku/cheese-feta-in-brine-pail-2-8-lb-124284/124284"
      }
    ],
    "others_you_may_like_urls": [
      "https://shop.kimelo.com/sku/cheese-mozzarella-wmlm-feather-shred-nb-45-lb-124254/124254",
      "https://shop.kimelo.com/sku/cheese-queso-fresco-casero-bulk-12-lbs-112596/112596",
      "https://shop.kimelo.com/sku/cheese-mozzarella-fresh-loaf-sliced-61-lb-123535/123535",
      "https://shop.kimelo.com/sku/cheese-feta-crumbles-president-25-lb-123341/123341",
      "https://shop.kimelo.com/sku/cheese-mozzarella-fresh-ovoline-galbani-23-lb-123382/123382",
      "https://shop.kimelo.com/sku/cheese-feta-french-pail-valbreso-18-lb-avg-123797/123797",
      "https://shop.kimelo.com/sku/cheese-mascarpone-tub-belgioioso-4-5-lb-107599/107599",
      "https://shop.kimelo.com/sku/cheese-feta-sheepgoat-imported-ziria-14-kg-124111/124111"
    ],
    "image_description": "This cheese product is Galbani Premio Shredded Mozzarella. Here's a detailed description of its characteristics:\n\n### Appearance:\n- **Color**: The shredded mozzarella is a pale, creamy white, typical of fresh mozzarella.\n- **Form**: The cheese is packaged in a rectangular container with a clear bottom, showcasing the shredded cheese underneath a blue lid.\n- **Shredding**: The shreds are thin, somewhat elongated, and may slightly vary in length and width, which contributes to a rustic appearance.\n\n### Texture:\n- **Feel**: The shreds have a soft, pliable texture, characteristic of mozzarella. They are not overly dry and retain some moisture, contributing to their elasticity.\n- **Mouthfeel**: When melted, mozzarella provides a creamy and stretchy texture, making it ideal for dishes like pizza and lasagna.\n\n### Visible Characteristics:\n- **Packaging**: The label indicates it\u2019s a professional-grade, whole milk low moisture mozzarella, which is designed for cooking applications.\n- **Brand Features**: The branding includes the Galbani logo and mentions its Italian heritage, indicating authenticity and quality.\n- **Tigrato Cut Shreds**: The label specifies \"Tigrato Cut,\" which suggests a particular style of shredding that enhances melting properties.\n\nThis combination of features makes Galbani Premio Shredded Mozzarella a versatile cheese suited for a variety of culinary uses, particularly in Italian cuisine."
  },
  {
    "url": "https://shop.kimelo.com/sku/cheese-brie-60-22-lb-123527/123527",
    "title": "Cheese, Brie, 60%, 2/2 Lb - 123527",
    "brand": "President",
    "sku": "123527",
    "upc": "123527",
    "image_urls": [
      "https://shop.kimelo.com/_next/image?url=https%3A%2F%2Fd3tlizm80tjdt4.cloudfront.net%2Fremote_images%2Fimage%2F1073%2Flarge%2F53cdb56d1f891032651832ca6e00249450db8d2f08bf34ec47.jpg&w=3840&q=60"
    ],
    "case_price": "",
    "each_price": "$29.10",
    "case_pack_size": "",
    "each_pack_size": "1 Item",
    "case_weight": "",
    "each_weight": "4 lbs",
    "case_dimensions": "",
    "each_dimensions": "L 1\" x W 1\" x H 1\"",
    "price_per_unit": "$7.28/LB",
    "category": [
      "Cheese",
      "Specialty Cheese"
    ],
    "related_items": [
      {
        "name": "",
        "brand": "",
        "price": "",
        "url": "https://shop.kimelo.com/sku/cheese-mozzarella-fresh-ovoline-galbani-23-lb-123382/123382"
      },
      {
        "name": "",
        "brand": "",
        "price": "",
        "url": "https://shop.kimelo.com/sku/cheese-feta-in-brine-pail-2-8-lb-124284/124284"
      }
    ],
    "others_you_may_like_urls": [
      "https://shop.kimelo.com/sku/cheese-feta-french-pail-valbreso-18-lb-avg-123797/123797",
      "https://shop.kimelo.com/sku/cheese-queso-fresco-casero-bulk-12-lbs-112596/112596",
      "https://shop.kimelo.com/sku/cheese-feta-crumbles-president-25-lb-123341/123341",
      "https://shop.kimelo.com/sku/cheese-mascarpone-tub-belgioioso-4-5-lb-107599/107599",
      "https://shop.kimelo.com/sku/cheese-mozzarella-fresh-loaf-thin-slice-61-lb-112545/112545",
      "https://shop.kimelo.com/sku/cheese-mozzarella-fresh-loaf-sliced-61-lb-123535/123535"
    ],
    "image_description": "The cheese product in question is Brie, specifically a type branded as Pr\u00e9sident. \n\n### Appearance:\n- **Shape**: This cheese is typically round and wheel-shaped, which is characteristic of Brie cheeses.\n- **Exterior**: The outer layer has a soft, white rind created by the mold used in its production. This rind is generally slightly fluffy and may have a few small patches of creaminess peeking through.\n- **Color**: The rind is white, while the interior of the cheese is pale yellow to ivory, becoming creamier toward the center.\n\n### Texture:\n- **Rind**: The rind is edible, soft yet slightly firm, providing a contrast to the creamier interior.\n- **Interior**: The flesh inside is soft and creamy, often described as buttery. It typically has a slightly oozy consistency when fully ripened, especially at room temperature.\n- **Cut**: When sliced, the cheese should display a smooth, even texture with a slight sheen, indicating its creaminess.\n\n### Identifying Characteristics:\n- **Creamy Consistency**: Brie is known for its rich and creamy texture, making it distinct from firmer cheeses.\n- **Flavor Profile**: Brie generally offers a mild, slightly earthy flavor with a hint of nuttiness, which can become more pronounced as it ripens.\n- **Serving Suggestions**: Often enjoyed at room temperature, it's commonly paired with fruits, bread, or crackers.\n\nOverall, this Pr\u00e9sident Brie cheese is a well-recogn"
  },
  {
    "url": "https://shop.kimelo.com/sku/cheese-feta-in-brine-pail-28-lb-123928/123928",
    "title": "Cheese, Feta, In Brine, Pail, 28 Lb - 123928",
    "brand": "Cucina",
    "sku": "123928",
    "upc": "123928",
    "image_urls": [
      "https://shop.kimelo.com/_next/image?url=https%3A%2F%2Fd3tlizm80tjdt4.cloudfront.net%2Fimage%2F18031%2Fimage%2Flg-9a5fece08e46ba4c33387c61ec8d246f.jpg&w=3840&q=60"
    ],
    "case_price": "",
    "each_price": "$145.11",
    "case_pack_size": "",
    "each_pack_size": "1 Item",
    "case_weight": "",
    "each_weight": "28 lbs",
    "case_dimensions": "",
    "each_dimensions": "L 1\" x W 1\" x H 1\"",
    "price_per_unit": "$6.05/LB",
    "category": [
      "Cheese",
      "Specialty Cheese"
    ],
    "related_items": [
      {
        "name": "Cheese, Feta, French, Pail, Valbreso, 18 Lb Avg - 123797",
        "brand": "Valbreso",
        "price": "$125.10",
        "url": "https://shop.kimelo.com/sku/cheese-feta-french-pail-valbreso-18-lb-avg-123797/123797"
      },
      {
        "name": "Cheese, Feta, In Brine, Pail, (2) 8 Lb 124284",
        "brand": "Cucina",
        "price": "$29.44",
        "url": "https://shop.kimelo.com/sku/cheese-feta-in-brine-pail-2-8-lb-124284/124284"
      }
    ],
    "others_you_may_like_urls": [
      "https://shop.kimelo.com/sku/cheese-feta-sheepgoat-imported-ziria-14-kg-124111/124111",
      "https://shop.kimelo.com/sku/cheese-mozzarella-fresh-loaf-thin-slice-61-lb-112545/112545",
      "https://shop.kimelo.com/sku/cheese-mozzarella-wmlm-feather-shred-nb-45-lb-124254/124254",
      "https://shop.kimelo.com/sku/cheese-mascarpone-tub-belgioioso-4-5-lb-107599/107599",
      "https://shop.kimelo.com/sku/cheese-mozzarella-fresh-ovoline-galbani-23-lb-123382/123382",
      "https://shop.kimelo.com/sku/cheese-queso-fresco-casero-bulk-12-lbs-112596/112596",
      "https://shop.kimelo.com/sku/cheese-feta-crumbles-president-25-lb-123341/123341",
      "https://shop.kimelo.com/sku/cheese-feta-rbst-free-estia-24-lb-124006/124006",
      "https://shop.kimelo.com/sku/cheese-mozzarella-fresh-loaf-sliced-61-lb-123535/123535",
      "https://shop.kimelo.com/sku/cheese-goat-chefs-chevre-tub-2-4-lb-103638/103638",
      "https://shop.kimelo.com/sku/cheese-ricotta-4-5lb-108718/108718"
    ],
    "image_description": "The cheese product in the image appears to be a type of cream cheese or possibly a softer cheese like mascarpone. \n\n**Appearance:**\n- The cheese is white and has a slightly glossy surface.\n- It is presented in cube-like shapes, indicating it has been cut from a larger block or mass.\n- Surrounding the cheese cubes is a clear or lightly yellowish liquid, which is likely whey or a brine solution, common in fresh cheese.\n\n**Texture:**\n- The cheese looks creamy and smooth, suggesting a soft texture.\n- It appears to be mild and easily spreadable, typical of cream cheese, with a slight fluffiness that may indicate aeration during production.\n\n**Visible Characteristics:**\n- The edges of the cheese cubes are soft and a bit uneven, which is characteristic of fresh cheeses.\n- There are no visible hard rinds, indicating that this is likely an unaged cheese.\n- The presence of liquid around the cheese suggests high moisture content, which is also indicative of cheeses like cream cheese or queso fresco.\n\nTogether, these characteristics help identify this cheese as a soft, fresh cheese, likely used for spreads or in desserts."
  },
  {
    "url": "https://shop.kimelo.com/sku/cheese-mozzarella-fresh-ciliegine-ball-2-3-lb-103593/103593",
    "title": "Cheese, Mozzarella, Fresh, Ciliegine Ball, (2) 3 Lb 103593",
    "brand": "Galbani",
    "sku": "103593",
    "upc": "103593",
    "image_urls": [
      "https://shop.kimelo.com/_next/image?url=https%3A%2F%2Fd3tlizm80tjdt4.cloudfront.net%2Fimage%2F2895%2Fimage%2Flg-7809c0008ee6f54dfc0e071eb31acb3d.jpg&w=3840&q=60",
      "https://shop.kimelo.com/_next/image?url=https%3A%2F%2Fd3tlizm80tjdt4.cloudfront.net%2Fimage%2F2896%2Fimage%2Flg-81ec3d5dfc5ba9c56c33d2b0dddb9ceb.jpg&w=3840&q=60"
    ],
    "case_price": "$34.88",
    "each_price": "$17.44",
    "case_pack_size": "2 Eaches",
    "each_pack_size": "1 Item",
    "case_weight": "3 lbs",
    "each_weight": "1.5 lbs",
    "case_dimensions": "L 1\" x W 1\" x H 1\"",
    "each_dimensions": "L 1\" x W 1\" x H 1\"",
    "price_per_unit": "$5.81/LB",
    "category": [
      "Cheese",
      "Specialty Cheese"
    ],
    "related_items": [
      {
        "name": "Cheese, Mozzarella, Fresh, Ovoline, Galbani, 2/3 Lb - 123382",
        "brand": "Galbani",
        "price": "$34.67",
        "url": "https://shop.kimelo.com/sku/cheese-mozzarella-fresh-ovoline-galbani-23-lb-123382/123382"
      }
    ],
    "others_you_may_like_urls": [
      "https://shop.kimelo.com/sku/cheese-feta-sheepgoat-imported-ziria-14-kg-124111/124111",
      "https://shop.kimelo.com/sku/cheese-goat-crumbled-22-lb-123365/123365",
      "https://shop.kimelo.com/sku/cheese-feta-french-pail-valbreso-18-lb-avg-123797/123797",
      "https://shop.kimelo.com/sku/cheese-queso-fresco-casero-bulk-12-lbs-112596/112596",
      "https://shop.kimelo.com/sku/cheese-feta-crumbles-president-25-lb-123341/123341",
      "https://shop.kimelo.com/sku/cheese-mozzarella-fresh-loaf-thin-slice-61-lb-112545/112545",
      "https://shop.kimelo.com/sku/cheese-mascarpone-tub-belgioioso-4-5-lb-107599/107599",
      "https://shop.kimelo.com/sku/cheese-feta-in-brine-pail-2-8-lb-124284/124284",
      "https://shop.kimelo.com/sku/cheese-mozzarella-fresh-loaf-sliced-61-lb-123535/123535"
    ],
    "image_description": "The cheese product in question is \"Galbani Fresh Mozzarella Cilenigini.\" \n\n### Appearance\n- **Color:** The cheese is typically a bright white, indicative of fresh mozzarella.\n- **Shape:** It is formed into small, round balls, giving it a classic ciliegine shape, which resembles cherries (\"ciliegini\" translates to \"cherries\" in Italian).\n- **Packaging:** The cheese is sold in a resealable plastic tub, which is labeled prominently with the brand name \"Galbani\" and product description, featuring imagery of mozzarella and the Italian countryside.\n\n### Texture\n- **Surface:** The exterior of the cheese balls has a soft, smooth surface, often glistening due to moisture.\n- **Interior:** When cut or broken, the interior is moist and slightly elastic, characteristic of fresh mozzarella. It often has a creamy, somewhat stretchable texture.\n\n### Visible Characteristics\n- **Moisture Content:** The cheese is packaged in a watery brine solution, which helps maintain its freshness. This brine is typically visible in the tub.\n- **Other Elements:** Occasionally, the cheese may contain small bits of herbs or other flavorings, contributing to its distinct taste profile.\n\nThis cheese is widely used in salads, on pizzas, or enjoyed fresh drizzled with olive oil and fresh herbs, making it a versatile ingredient in many dishes."
  },
  {
    "url": "https://shop.kimelo.com/sku/cheese-grilling-domestic-yanni-128-oz-124017/124017",
    "title": "Cheese, Grilling, Domestic, Yanni, 12/8 Oz 124017",
    "brand": "Yanni",
    "sku": "124017",
    "upc": "124017",
    "image_urls": [
      "https://shop.kimelo.com/_next/image?url=https%3A%2F%2Fd3tlizm80tjdt4.cloudfront.net%2Fremote_images%2Fimage%2F1898%2Flarge%2Fba70a2c87ccd1002cd0be0d44ac7e037502f3c2b81df4d57be.jpg&w=3840&q=60"
    ],
    "case_price": "",
    "each_price": "$48.44",
    "case_pack_size": "",
    "each_pack_size": "1 Item",
    "case_weight": "",
    "each_weight": "6 lbs",
    "case_dimensions": "",
    "each_dimensions": "L 1\" x W 1\" x H 1\"",
    "price_per_unit": "$8.07/LB",
    "category": [
      "Cheese",
      "Sliced Cheese"
    ],
    "related_items": [
      {
        "name": "",
        "brand": "",
        "price": "",
        "url": "https://shop.kimelo.com/sku/cheese-swiss-sliced-8-15-lb-103602/103602"
      },
      {
        "name": "",
        "brand": "",
        "price": "",
        "url": "https://shop.kimelo.com/sku/cheese-cheddar-medium-loaf-2-5lb-106815/106815"
      }
    ],
    "others_you_may_like_urls": [
      "https://shop.kimelo.com/sku/cheese-cheddar-mild-loaf-8-5-lb-103670/103670",
      "https://shop.kimelo.com/sku/cheese-halloumi-tradition-greek-import-4088-oz-124144/124144",
      "https://shop.kimelo.com/sku/cheese-gruyere-imported-loaf-2-5-lb-108978/108978",
      "https://shop.kimelo.com/sku/cheese-paneer-gopi-1514-oz-124005/124005",
      "https://shop.kimelo.com/sku/cheese-provolone-sliced-8-15-lb-103601/103601",
      "https://shop.kimelo.com/sku/cheese-american-120-slice-yellow-4-5-lb-103674/103674",
      "https://shop.kimelo.com/sku/cheese-kefalotyri-hard-wheel-greek-import-18-lb-avg-124125/124125",
      "https://shop.kimelo.com/sku/cheese-pecorino-romano-14-lb-124109/124109",
      "https://shop.kimelo.com/sku/cheese-swiss-sliced-processed-120-ct-4-5-lb-100014/100014"
    ],
    "image_description": "This cheese product, labeled as \"Yanni Grilling Cheese,\" is likely designed for grilling or pan-frying. Here\u2019s a detailed description based on its characteristics:\n\n### Appearance\n- **Shape:** The cheese is packaged in a block form, typical for grilling cheeses.\n- **Color:** It has a pale, off-white to creamy color, indicating it is a fresh cheese. \n- **Packaging:** The square block is enveloped with a clear wrap, showcasing the cheese along with a colorful label prominently displaying the brand and product name.\n\n### Texture\n- **Consistency:** The cheese appears to have a firm and slightly elastic texture, which is characteristic of grilling cheeses that hold their shape under heat.\n- **Cut Surface:** If cut, the surface would likely be smooth with some shining, indicating moisture retention.\n\n### Visible Characteristics\n- **Grilling Feature:** The label emphasizes that the cheese forms a \"golden crust\" when grilled or pan-fried, suggesting it is designed to be cooked without melting dramatically, typical of cheeses like Halloumi or Indian Paneer.\n- **Usage Suggestions:** The packaging often includes images of the cheese grilled and served, possibly accompanied by vegetables or bread, indicating its versatility in meals.\n\nThis combination of attributes makes it ideal for grilling and adds to its appeal as a flavorful cheese option."
  },
  {
    "url": "https://shop.kimelo.com/sku/cheese-myzithra-ball-imported/124640",
    "title": "Cheese, Myzithra, Ball, Imported",
    "brand": "Stymfalia",
    "sku": "124640",
    "upc": "124640",
    "image_urls": [
      "https://shop.kimelo.com/_next/image?url=https%3A%2F%2Fd3tlizm80tjdt4.cloudfront.net%2Fremote_images%2Fimage%2F2633%2Flarge%2F03e9030fe8ae6de8354ad8cc6dbf315c9a4c5053922541b1fe.jpg&w=3840&q=60"
    ],
    "case_price": "",
    "each_price": "$79.05",
    "case_pack_size": "",
    "each_pack_size": "",
    "case_weight": "",
    "each_weight": "",
    "case_dimensions": "",
    "each_dimensions": "",
    "price_per_unit": "$5.07/LB",
    "category": [
      "Cheese",
      "Sliced Cheese"
    ],
    "related_items": [
      {
        "name": "Cheese, Gruyere, Imported, Loaf, (2) 5 Lb - 108978",
        "brand": "Packer",
        "price": "$67.30",
        "url": "https://shop.kimelo.com/sku/cheese-gruyere-imported-loaf-2-5-lb-108978/108978"
      }
    ],
    "others_you_may_like_urls": [
      "https://shop.kimelo.com/sku/cheese-pepper-jack-loaf-8-103672/103672",
      "https://shop.kimelo.com/sku/cheese-swiss-sliced-processed-120-ct-4-5-lb-100014/100014",
      "https://shop.kimelo.com/sku/cheese-jack-pepper-sliced-8-15-lb-124829/124829",
      "https://shop.kimelo.com/sku/cheese-goat-chefs-chevre-tub-2-4-lb-103638/103638",
      "https://shop.kimelo.com/sku/cheese-monterey-jack-block-40-lb-avg-103562/103562",
      "https://shop.kimelo.com/sku/cheese-provolone-sliced-8-15-lb-103601/103601",
      "https://shop.kimelo.com/sku/cheese-paneer-gopi-1514-oz-124005/124005",
      "https://shop.kimelo.com/sku/cheese-halloumi-tradition-greek-import-4088-oz-124144/124144",
      "https://shop.kimelo.com/sku/cheese-pecorino-romano-14-lb-124109/124109",
      "https://shop.kimelo.com/sku/cheese-swiss-sliced-8-15-lb-103602/103602",
      "https://shop.kimelo.com/sku/cheese-american-120-slice-yellow-4-5-lb-103674/103674"
    ],
    "image_description": "This cheese product appears to be a fresh, soft cheese with a pale white color. It is typically round and has a smooth, slightly creamy surface with a solid structure. The visible characteristics include:\n\n1. **Appearance**: \n   - The cheese has a round shape, which is often characteristic of well-formed molds.\n   - It has a matte finish with no significant rinds, indicating it is likely a fresh cheese.\n\n2. **Texture**: \n   - The texture appears smooth and creamy. When cut, it may have a slightly dense but soft interior, suggesting a moisture content that contributes to its richness.\n   - The absence of holes or granules indicates that it is not aged or processed cheese.\n\n3. **Additional Characteristics**: \n   - There are no visible surface molds or blemishes, suggesting it has been stored properly.\n   - This cheese is likely to have a mild flavor, common in fresh cheeses, making it versatile for various culinary applications.\n\nThese attributes hint at types such as goat cheese, ricotta, or a fresh mozzarella, primarily used in salads, spreads, or cooking."
  },
  {
    "url": "https://shop.kimelo.com/sku/cheese-manouri-log-greek-imported-45-lb-125736/125736",
    "title": "Cheese, Manouri, Log, Greek, Imported, 4/5 Lb 125736",
    "brand": "Krinos",
    "sku": "125736",
    "upc": "125736",
    "image_urls": [
      "https://shop.kimelo.com/_next/image?url=https%3A%2F%2Fd3tlizm80tjdt4.cloudfront.net%2Fremote_images%2Fimage%2F7223%2Flarge%2F543b28c95adae3930843af219dcdaa1c002494038b6ab71681.jpg&w=3840&q=60"
    ],
    "case_price": "",
    "each_price": "$139.32",
    "case_pack_size": "",
    "each_pack_size": "1 Item",
    "case_weight": "",
    "each_weight": "20 lbs",
    "case_dimensions": "",
    "each_dimensions": "L 1\" x W 1\" x H 1\"",
    "price_per_unit": "$6.97/LB",
    "category": [
      "Cheese",
      "Sliced Cheese"
    ],
    "related_items": [
      {
        "name": "",
        "brand": "",
        "price": "",
        "url": "https://shop.kimelo.com/sku/cheese-cheddar-sharp-white-10-lb-111680/111680"
      },
      {
        "name": "",
        "brand": "",
        "price": "",
        "url": "https://shop.kimelo.com/sku/cheese-swiss-sliced-8-15-lb-103602/103602"
      }
    ],
    "others_you_may_like_urls": [
      "https://shop.kimelo.com/sku/cheese-jack-pepper-sliced-8-15-lb-124829/124829",
      "https://shop.kimelo.com/sku/cheese-halloumi-tradition-greek-import-4088-oz-124144/124144",
      "https://shop.kimelo.com/sku/cheese-paneer-gopi-1514-oz-124005/124005",
      "https://shop.kimelo.com/sku/cheese-pecorino-romano-14-lb-124109/124109",
      "https://shop.kimelo.com/sku/cheese-american-120-slice-yellow-4-5-lb-103674/103674",
      "https://shop.kimelo.com/sku/cheese-swiss-sliced-processed-120-ct-4-5-lb-100014/100014",
      "https://shop.kimelo.com/sku/cheese-gruyere-imported-loaf-2-5-lb-108978/108978"
    ],
    "image_description": "The cheese product depicted appears to be **Manouri**, a traditional Greek cheese. Here\u2019s a detailed description based on typical characteristics:\n\n### Appearance:\n- **Shape:** The cheese is presented in a cylindrical log or roll form, wrapped in a protective paper or label.\n- **Color:** It usually has a pale, creamy color, often appearing white or off-white.\n\n### Texture:\n- **Consistency:** Manouri has a semi-soft texture, making it easy to slice or spread.\n- **Mouthfeel:** It is generally smooth and creamy due to its higher fat content, which contributes to a rich and luxurious feel when eaten.\n\n### Characteristics:\n- **Moisture Content:** With a moisture percentage around 30%, it remains sufficiently moist but not overly wet.\n- **Flavor Profile:** The cheese tends to have a mild, slightly tangy flavor with hints of sweetness, making it versatile for both savory and sweet dishes.\n- **Usage:** Often used in salads, desserts, or served with honey and fruits.\n\nThese attributes make Manouri a distinctive cheese, suitable for various culinary applications."
  },
  {
    "url": "https://shop.kimelo.com/sku/cheese-queso-fresco-casero-frozen-bulk-12-lbs374274/374274",
    "title": "Cheese, Queso Fresco, Casero, Frozen, Bulk 12 Lbs374274",
    "brand": "El Mexicano",
    "sku": "374274",
    "upc": "374274",
    "image_urls": [
      "https://shop.kimelo.com/_next/image?url=https%3A%2F%2Fd3tlizm80tjdt4.cloudfront.net%2Fremote_images%2Fimage%2F8643%2Flarge%2F0def0e63c2b998f5174ec94085834c94ac450ef8d00f79be23.jpg&w=3840&q=60"
    ],
    "case_price": "",
    "each_price": "$21.19",
    "case_pack_size": "",
    "each_pack_size": "1 Item",
    "case_weight": "",
    "each_weight": "12 lbs",
    "case_dimensions": "",
    "each_dimensions": "L 1\" x W 1\" x H 1\"",
    "price_per_unit": "$1.77/LB",
    "category": [
      "Cheese",
      "Specialty Cheese"
    ],
    "related_items": [
      {
        "name": "",
        "brand": "",
        "price": "",
        "url": "https://shop.kimelo.com/sku/cheese-feta-in-brine-pail-2-8-lb-124284/124284"
      },
      {
        "name": "",
        "brand": "",
        "price": "",
        "url": "https://shop.kimelo.com/sku/cheese-goat-crumbled-22-lb-123365/123365"
      }
    ],
    "others_you_may_like_urls": [
      "https://shop.kimelo.com/sku/cheese-feta-french-pail-valbreso-18-lb-avg-123797/123797",
      "https://shop.kimelo.com/sku/cheese-queso-fresco-casero-bulk-12-lbs-112596/112596",
      "https://shop.kimelo.com/sku/cheese-feta-crumbles-president-25-lb-123341/123341",
      "https://shop.kimelo.com/sku/cheese-mascarpone-tub-belgioioso-4-5-lb-107599/107599",
      "https://shop.kimelo.com/sku/cheese-feta-sheepgoat-imported-ziria-14-kg-124111/124111"
    ],
    "image_description": "The cheese product you described is **Queso Fresco**, specifically branded as \"Casero\" by El Mexicano. Here's a detailed description based on its typical characteristics:\n\n### Appearance:\n- **Shape**: It is round and typically presented in a disc format.\n- **Color**: The exterior is white, which is characteristic of fresh cheeses, while the surface may have a slightly rough texture.\n- **Packaging**: The label prominently features the brand name \"El Mexicano\" with red and green accents. The words \"Queso Fresco\" and \"Casero\" are clearly visible, and there's an indication that it is made from whole milk and is 100% natural.\n\n### Texture:\n- **Inner Texture**: The interior of Queso Fresco is crumbly and somewhat grainy, which can vary from slightly smooth to more rigid depending on how it was processed.\n- **Mouthfeel**: It has a creamy, moist quality but is not overly soft or runny. It crumbles easily, making it ideal for topping dishes.\n\n### Visible Characteristics:\n- **Moisture Content**: There may be slight moisture on the surface, indicating freshness, but it should not be wet or sticky.\n- **Taste**: While not visible, Queso Fresco is known for its mild, slightly salty flavor, which complements a variety of dishes from salads to tacos.\n\nOverall, this cheese is a popular choice in Mexican cuisine, valued for its versatility"
  },
  {
    "url": "https://shop.kimelo.com/sku/cheese-kasseri-waxed-wheel/123993",
    "title": "Cheese, Kasseri, Waxed Wheel",
    "brand": "Stella",
    "sku": "123993",
    "upc": "123993",
    "image_urls": [
      "https://shop.kimelo.com/_next/image?url=https%3A%2F%2Fd3tlizm80tjdt4.cloudfront.net%2Fremote_images%2Fimage%2F2037%2Flarge%2Fb0074a2355eaf38aa3e7188101e3186cbce5edd8a284a3529b.jpg&w=3840&q=60"
    ],
    "case_price": "",
    "each_price": "$86.80",
    "case_pack_size": "",
    "each_pack_size": "1 Item",
    "case_weight": "",
    "each_weight": "10 lbs",
    "case_dimensions": "",
    "each_dimensions": "L 1\" x W 1\" x H 1\"",
    "price_per_unit": "$8.68/LB",
    "category": [
      "Cheese",
      "Sliced Cheese"
    ],
    "related_items": [
      {
        "name": "",
        "brand": "",
        "price": "",
        "url": "https://shop.kimelo.com/sku/cheese-provolone-sliced-8-15-lb-103601/103601"
      },
      {
        "name": "",
        "brand": "",
        "price": "",
        "url": "https://shop.kimelo.com/sku/cheese-cheddar-medium-loaf-2-5lb-106815/106815"
      }
    ],
    "others_you_may_like_urls": [
      "https://shop.kimelo.com/sku/cheese-pepper-jack-loaf-8-103672/103672",
      "https://shop.kimelo.com/sku/cheese-halloumi-tradition-greek-import-4088-oz-124144/124144",
      "https://shop.kimelo.com/sku/cheese-gruyere-imported-loaf-2-5-lb-108978/108978",
      "https://shop.kimelo.com/sku/cheese-paneer-gopi-1514-oz-124005/124005",
      "https://shop.kimelo.com/sku/cheese-american-120-slice-yellow-4-5-lb-103674/103674",
      "https://shop.kimelo.com/sku/cheese-swiss-sliced-processed-120-ct-4-5-lb-100014/100014",
      "https://shop.kimelo.com/sku/cheese-swiss-sliced-8-15-lb-103602/103602",
      "https://shop.kimelo.com/sku/cheese-pecorino-romano-14-lb-124109/124109",
      "https://shop.kimelo.com/sku/cheese-monterey-jack-block-40-lb-avg-103562/103562",
      "https://shop.kimelo.com/sku/cheese-kefalotyri-hard-wheel-greek-import-18-lb-avg-124125/124125"
    ],
    "image_description": "The cheese product shown appears to be a semi-soft cheese, characterized by a smooth and creamy texture. Its exterior features a multi-colored, patterned wax coating that suggests it may be visually appealing and might indicate the type of cheese or its regional origins. The wax seal could add a decorative element and serve to protect the cheese during storage.\n\nThe cut surface reveals a pale, creamy interior that looks moist and slightly glossy, indicative of a fresh cheese. The edges are clean, suggesting it has been recently cut. The surface does not show major holes or irregularities, which is often associated with cheeses that have a more uniform texture.\n\nIn terms of flavor profile, while not visible, semi-soft cheeses are typically known for being rich and buttery, often with mild to moderately strong flavors. This cheese might pair well with fruits, nuts, or crackers, making it suitable for cheese boards or as a standalone snack.\n\nOverall, the combination of its visual appeal, texture, and finish suggests a cheese that is both artisanal and approachable, perfect for various culinary uses."
  },
  {
    "url": "https://shop.kimelo.com/sku/cheese-smoked-cheddar-mild-25-lb/374591",
    "title": "Cheese, Smoked Cheddar, Mild, 2/5 Lb",
    "brand": "Gossner",
    "sku": "374591",
    "upc": "374591",
    "image_urls": [
      "https://shop.kimelo.com/_next/image?url=https%3A%2F%2Fd3tlizm80tjdt4.cloudfront.net%2Fremote_images%2Fimage%2F13375%2Flarge%2F961e357dac3ea313c4cc46f48e4c51fd8d2a77ff9a4de1683d.jpg&w=3840&q=60"
    ],
    "case_price": "",
    "each_price": "$3.21",
    "case_pack_size": "",
    "each_pack_size": "1 Item",
    "case_weight": "",
    "each_weight": "10 lbs",
    "case_dimensions": "",
    "each_dimensions": "L 1\" x W 1\" x H 1\"",
    "price_per_unit": "$0.32/LB",
    "category": [
      "Cheese",
      "Sliced Cheese"
    ],
    "related_items": [
      {
        "name": "",
        "brand": "",
        "price": "",
        "url": "https://shop.kimelo.com/sku/cheese-cheddar-mild-loaf-8-5-lb-103670/103670"
      },
      {
        "name": "",
        "brand": "",
        "price": "",
        "url": "https://shop.kimelo.com/sku/cheese-cheddar-medium-loaf-2-5lb-106815/106815"
      }
    ],
    "others_you_may_like_urls": [
      "https://shop.kimelo.com/sku/cheese-swiss-sliced-8-15-lb-103602/103602",
      "https://shop.kimelo.com/sku/cheese-halloumi-tradition-greek-import-4088-oz-124144/124144",
      "https://shop.kimelo.com/sku/cheese-paneer-gopi-1514-oz-124005/124005",
      "https://shop.kimelo.com/sku/cheese-pecorino-romano-14-lb-124109/124109",
      "https://shop.kimelo.com/sku/cheese-gruyere-imported-loaf-2-5-lb-108978/108978",
      "https://shop.kimelo.com/sku/cheese-american-120-slice-yellow-4-5-lb-103674/103674",
      "https://shop.kimelo.com/sku/cheese-cheddar-sharp-white-10-lb-111680/111680",
      "https://shop.kimelo.com/sku/cheese-swiss-sliced-processed-120-ct-4-5-lb-100014/100014"
    ],
    "image_description": "The cheese product in question appears to be a block of mild cheddar cheese, likely smoked, based on the label. Here\u2019s a detailed description:\n\n### Appearance\n- **Color**: It has a vibrant yellow-orange hue, typical of many cheddar cheeses.\n- **Shape**: The cheese is presented in a rectangular block form, which is commonly used for pressed cheeses.\n- **Labeling**: The packaging features bold colors, prominently displaying the brand name \"Gossner\" along with descriptors like \"natural\" and \"mild cheddar cheese.\" There is also a \"smoked\" indicator that suggests a distinct flavor.\n\n### Texture\n- **Surface**: The exterior appears slightly shiny, possibly due to packaging material. There may be slight variations in the surface texture, possibly indicating the cheese has been aged or has a protective wax coating.\n- **Consistency**: Given that it is cheddar, one can expect a firm texture that becomes creamy as it warms to room temperature. It may have a smooth and slightly crumbly consistency.\n\n### Characteristics\n- **Aroma**: While no scent can be noted visually, smoked cheeses typically have a rich, smoky aroma that can be expected upon cutting into the block.\n- **Cut Surface**: When sliced, the interior should reveal a consistent color and texture throughout, with no visible holes or irregularities.\n- **Taste Profile**: Although not visible, one can anticipate a creamy yet tangy flavor with a hint of smokiness, characteristic of smoked"
  },
  {
    "url": "https://shop.kimelo.com/sku/cheese-mozzarella-smoked-26-lb/103565",
    "title": "CHEESE, MOZZARELLA, SMOKED, 2/6 LB",
    "brand": "POLLY-O",
    "sku": "103565",
    "upc": "11863100202",
    "image_urls": [
      "https://shop.kimelo.com/_next/image?url=https%3A%2F%2Fd3tlizm80tjdt4.cloudfront.net%2Fimage%2F2351%2Fimage%2Flg-476a3e2ab7723c5b64159cfdd00afa8e.png&w=3840&q=60",
      "https://shop.kimelo.com/_next/image?url=https%3A%2F%2Fd3tlizm80tjdt4.cloudfront.net%2Fimage%2F2352%2Fimage%2Flg-f5ba1746b3a9e8bad3554f695d461a57.jpg&w=3840&q=60"
    ],
    "case_price": "$85.15",
    "each_price": "$43.56",
    "case_pack_size": "2 Eaches",
    "each_pack_size": "1 Item",
    "case_weight": "11.73 lbs",
    "each_weight": "6 lbs",
    "case_dimensions": "L 8.57\" x W 4.45\" x H 13.89\"",
    "each_dimensions": "L 4.29\" x W 4.45\" x H 13.89\"",
    "price_per_unit": "",
    "category": [
      "Cheese",
      "Specialty Cheese"
    ],
    "related_items": [
      {
        "name": "",
        "brand": "",
        "price": "",
        "url": "https://shop.kimelo.com/sku/cheese-feta-in-brine-pail-2-8-lb-124284/124284"
      },
      {
        "name": "",
        "brand": "",
        "price": "",
        "url": "https://shop.kimelo.com/sku/cheese-goat-crumbled-22-lb-123365/123365"
      }
    ],
    "others_you_may_like_urls": [
      "https://shop.kimelo.com/sku/cheese-feta-crumbles-president-25-lb-123341/123341",
      "https://shop.kimelo.com/sku/cheese-mozzarella-fresh-loaf-thin-slice-61-lb-112545/112545",
      "https://shop.kimelo.com/sku/cheese-mozzarella-fresh-loaf-sliced-61-lb-123535/123535"
    ],
    "image_description": "The cheese product shown is a block of mozzarella cheese, specifically labeled as \"Whole Milk Low-Moisture Mozzarella Cheese\" with a smoked flavor. Here\u2019s a detailed description:\n\n### Appearance\n- **Shape**: The cheese is presented in a rectangular block form, typical for packaged mozzarella.\n- **Color**: It has a pale yellow to orange hue, which is characteristic of smoked varieties, often distinguished from regular white mozzarella.\n- **Packaging**: The block is wrapped in clear plastic, showing the cheese clearly, with a label on one side indicating the brand (Polly-O) and product details.\n\n### Texture\n- **Surface**: The surface appears smooth, with a slight sheen from the packaging. There might be minor irregularities due to the packaging process.\n- **Consistency**: Being low-moisture mozzarella, it has a firmer texture compared to fresh mozzarella. It's dense yet slightly pliable, making it easy to slice.\n- **Cut**: When sliced, the cheese should have a cohesive, slightly elastic quality typical of mozzarella, allowing it to stretch a bit without breaking easily.\n\n### Visible Characteristics\n- **Label Details**: The product label provides useful information including the nutrition facts and \u201csmoked\u201d designation, which indicates its unique flavor profile.\n- **Branding**: The brand logo (Polly-O) is prominently displayed, suggesting a trusted source of mozzarella.\n- **Other Notes**: The packaging may include serving suggestions or recipes,"
  },
  {
    "url": "https://shop.kimelo.com/sku/cheese-swiss-block/126018",
    "title": "Cheese, Swiss, Block",
    "brand": "Ammerlander",
    "sku": "126018",
    "upc": "126018",
    "image_urls": [
      "https://shop.kimelo.com/_next/image?url=https%3A%2F%2Fd3tlizm80tjdt4.cloudfront.net%2Fremote_images%2Fimage%2F7811%2Flarge%2F41036f1388ac6dd454c4be60d922ad9f007f7664733da357c7.jpg&w=3840&q=60"
    ],
    "case_price": "",
    "each_price": "$108.90",
    "case_pack_size": "",
    "each_pack_size": "",
    "case_weight": "",
    "each_weight": "",
    "case_dimensions": "",
    "each_dimensions": "",
    "price_per_unit": "$3.30/LB",
    "category": [
      "Cheese",
      "Sliced Cheese"
    ],
    "related_items": [
      {
        "name": "",
        "brand": "",
        "price": "",
        "url": "https://shop.kimelo.com/sku/cheese-jack-pepper-sliced-8-15-lb-124829/124829"
      },
      {
        "name": "",
        "brand": "",
        "price": "",
        "url": "https://shop.kimelo.com/sku/cheese-american-120-slice-yellow-4-5-lb-103674/103674"
      }
    ],
    "others_you_may_like_urls": [
      "https://shop.kimelo.com/sku/cheese-monterey-jack-block-40-lb-avg-103562/103562",
      "https://shop.kimelo.com/sku/cheese-swiss-sliced-processed-120-ct-4-5-lb-100014/100014",
      "https://shop.kimelo.com/sku/cheese-paneer-gopi-1514-oz-124005/124005",
      "https://shop.kimelo.com/sku/cheese-pecorino-romano-14-lb-124109/124109",
      "https://shop.kimelo.com/sku/cheese-halloumi-tradition-greek-import-4088-oz-124144/124144",
      "https://shop.kimelo.com/sku/cheese-cheddar-sharp-white-10-lb-111680/111680",
      "https://shop.kimelo.com/sku/cheese-swiss-sliced-8-15-lb-103602/103602",
      "https://shop.kimelo.com/sku/cheese-kefalotyri-hard-wheel-greek-import-18-lb-avg-124125/124125"
    ],
    "image_description": "The cheese product shown appears to be a block of Swiss cheese, often characterized by its pale yellow color and smooth surface. Here are some detailed observations:\n\n### Appearance:\n- **Color**: A creamy, pale yellow hue typical of many Swiss cheeses.\n- **Shape**: The cheese is packaged as a rectangular block, indicating it is likely intended for slicing or grating.\n- **Packaging**: The outer wrapping features bright yellow packaging with a label that prominently displays \u201cSwiss Cheese\u201d along with branding elements. This suggests it may be a product aimed at consumer convenience.\n\n### Texture:\n- **Surface**: The surface appears smooth and even, with no visible cracks or irregularities, which is indicative of well-made cheese.\n- **Interior**: While the interior is not visible, Swiss cheese is known for its unique texture, featuring holes or \u201ceyes.\u201d These should be present within the cheese itself, contributing to its characteristic bite.\n\n### Identifying Characteristics:\n- **Holes**: If cut, you would typically see characteristic holes of varying sizes, a hallmark of Swiss cheese.\n- **Firmness**: Swiss cheese generally has a semi-firm texture, making it suitable for slicing.\n- **Flavor**: Although not visible, Swiss cheese is known for its mild and slightly nutty flavor, which could be implied based on the type.\n\nOverall, this cheese product appears to be a convenient block of Swiss cheese, suitable for various culinary uses, such as sandwiches, cheese platters, or"
  },
  {
    "url": "https://shop.kimelo.com/sku/cheese-5-blend-moz-wmlmlmpsprovparmroma-fzn-65-lb/374160",
    "title": "Cheese, 5 Blend, Moz Wmlm/lmps/prov/parm/roma, Fzn, 6/5 Lb",
    "brand": "Galbani",
    "sku": "374160",
    "upc": "374160",
    "image_urls": [
      "https://shop.kimelo.com/_next/image?url=https%3A%2F%2Fd3tlizm80tjdt4.cloudfront.net%2Fremote_images%2Fimage%2F8017%2Flarge%2F9c63a416498a52e7f29a43945f37992b146a57c22ed7cdce5d.jpg&w=3840&q=60"
    ],
    "case_price": "",
    "each_price": "$80.07",
    "case_pack_size": "",
    "each_pack_size": "1 Item",
    "case_weight": "",
    "each_weight": "30 lbs",
    "case_dimensions": "",
    "each_dimensions": "L 1\" x W 1\" x H 1\"",
    "price_per_unit": "",
    "category": [
      "Cheese",
      "Shredded Cheese"
    ],
    "related_items": [
      {
        "name": "",
        "brand": "",
        "price": "",
        "url": "https://shop.kimelo.com/sku/cheese-shredded-jack-cheddar-blend-fancy-4-5-lb-103664/103664"
      },
      {
        "name": "",
        "brand": "",
        "price": "",
        "url": "https://shop.kimelo.com/sku/cheese-cheddar-shredded-fancy-mild-4-106832/106832"
      }
    ],
    "others_you_may_like_urls": [
      "https://shop.kimelo.com/sku/cheese-monterey-jack-shredded-fancy-4-5-lb-108930/108930",
      "https://shop.kimelo.com/sku/cheese-5-blend-moz-wmlmlmpsprovparmroma-65-lb-123784/123784",
      "https://shop.kimelo.com/sku/cheese-asiago-shredded-6-5-lb-111711/111711",
      "https://shop.kimelo.com/sku/cheese-blend-mozz-wm-ps-premio-shred-65-lb-112492/112492",
      "https://shop.kimelo.com/sku/cheese-pepperjack-feather-shred-45-lb-123794/123794"
    ],
    "image_description": "The cheese product in the image appears to be shredded mozzarella cheese. Here\u2019s a detailed description based on its appearance, texture, and other characteristics:\n\n### Appearance:\n- **Color**: The cheese has a light cream or pale white color, typical of mozzarella.\n- **Form**: It is finely shredded into thin strands, which are often characteristic of mozzarella because it melts well and is commonly used for pizzas and casseroles.\n- **Packaging**: The cheese is packaged in a clear plastic bag, allowing visibility of the product inside. There\u2019s also a label that likely provides brand information and nutritional details.\n\n### Texture:\n- **Feel**: The shredded strands seem to have a slightly moist texture, which is typical for fresh mozzarella. This moisture contributes to its meltability.\n- **Structure**: The shreds are flexible and somewhat cohesive, suggesting that they may be freshly made rather than processed.\n\n### Characteristics:\n- **Melting Properties**: Mozzarella is known for its excellent melting characteristics, making it a favored cheese for baking and topping dishes.\n- **Flavor**: While the package doesn\u2019t provide taste details, fresh mozzarella typically has a mild, creamy flavor profile.\n\nThis cheese is likely ideal for various culinary uses, including pizza, pasta dishes, salads, and more."
  },
  {
    "url": "https://shop.kimelo.com/sku/cottage-cheese-small-curd/316282",
    "title": "Cottage Cheese, Small Curd",
    "brand": "Clover Sonoma",
    "sku": "316282",
    "upc": "316282",
    "image_urls": [
      "https://shop.kimelo.com/_next/image?url=https%3A%2F%2Fd3tlizm80tjdt4.cloudfront.net%2Fremote_images%2Fimage%2F8670%2Flarge%2Fe3d5c459eee3ec51bb68e12c4827480f93d6aac1fa073acb3f.jpg&w=3840&q=60"
    ],
    "case_price": "",
    "each_price": "$39.93",
    "case_pack_size": "",
    "each_pack_size": "1 Item",
    "case_weight": "",
    "each_weight": "12 lbs",
    "case_dimensions": "",
    "each_dimensions": "L 1\" x W 1\" x H 1\"",
    "price_per_unit": "$3.33/LB",
    "category": [
      "Cheese",
      "Cottage Cheese"
    ],
    "related_items": [],
    "others_you_may_like_urls": [],
    "image_description": "The cheese product in question is **Clover Sonoma Low Fat Cottage Cheese**. Here\u2019s a detailed description based on its packaging characteristics:\n\n### Appearance\n- **Color**: The container is predominantly a bright blue, giving it a fresh and inviting look.\n- **Labeling**: It has a clear label with bold white text stating \"Cottage Cheese\" and \"Low Fat,\" making it easy for consumers to identify the type of cheese.\n- **Graphics**: There is a friendly cow graphic above the brand name, reinforcing the dairy origin of the product. The label also features illustrations of pastoral landscapes, which suggest natural and wholesome farming practices.\n\n### Texture\n- **Consistency**: Cottage cheese typically has a lumpy texture due to the presence of curds. The low-fat version may appear slightly creamier than full-fat varieties but still retains distinct curds.\n- **Curd Size**: The curds in cottage cheese can vary in size but generally range from small to medium. They are moist and can have a mild, creamy consistency from the liquid whey.\n\n### Visible Characteristics\n- **Moisture**: The product may appear slightly wet due to the whey that surrounds the curds, which is common for cottage cheese.\n- **Separation**: If the product has been sitting for a while, some liquid may separate at the top, which is typical for cottage cheese and can be stirred back in before use.\n- **Freshness Indicators**: The expiration date on the"
  },
  {
    "url": "https://shop.kimelo.com/sku/cheese-mozzarella-pslm-loaf-premio-fzn-85-lb-125813/125813",
    "title": "Cheese, Mozzarella, Pslm, Loaf, Premio, Fzn, 8/5 Lb 125813",
    "brand": "Galbani Premio",
    "sku": "125813",
    "upc": "125813",
    "image_urls": [
      "https://shop.kimelo.com/_next/image?url=https%3A%2F%2Fd3tlizm80tjdt4.cloudfront.net%2Fremote_images%2Fimage%2F7216%2Flarge%2F82dff19bf03a637dedd9c13f8a02e5534d8236b4a77f7e4947.jpg&w=3840&q=60"
    ],
    "case_price": "",
    "each_price": "$50.22",
    "case_pack_size": "",
    "each_pack_size": "1 Item",
    "case_weight": "",
    "each_weight": "40 lbs",
    "case_dimensions": "",
    "each_dimensions": "L 1\" x W 1\" x H 1\"",
    "price_per_unit": "$1.26/LB",
    "category": [
      "Cheese",
      "Cheese Loaf"
    ],
    "related_items": [],
    "others_you_may_like_urls": [],
    "image_description": "The cheese product in question is a block of mozzarella, specifically from the Galbani brand, labeled as \"Premio.\" \n\n### Appearance:\n- **Color**: The mozzarella has a pale, creamy white or off-white color, typical of fresh mozzarella.\n- **Shape**: It is presented in a rectangular block form, indicating it\u2019s a structured type of mozzarella that is suitable for slicing and grating.\n- **Packaging**: The packaging is colorful, predominantly blue, with the brand name prominently displayed. It has graphics that suggest freshness and quality.\n\n### Texture:\n- **Surface**: The surface of the cheese appears smooth and slightly glossy, indicating it is well-preserved and not dried out. \n- **Interior**: The texture inside is likely semi-soft and moist, allowing it to be easily sliced. Fresh mozzarella has a springy quality and may exhibit slight elasticity when pulled apart.\n\n### Visible Characteristics:\n- **Moisture**: The cheese likely has a fair amount of moisture, contributing to its creamy texture and making it suitable for melting.\n- **Freshness Indicators**: Being labeled as \"all natural,\" it suggests that no artificial preservatives are included, appealing to consumers looking for wholesome options.\n- **Nutrition Facts**: The packaging provides information on nutrition, which typically includes details on caloric content and serving size, further delineating its suitability for various dietary preferences.\n\nOverall, this mozzarella cheese is identifiable by its smooth texture, pale coloration, and practical block form,"
  },
  {
    "url": "https://shop.kimelo.com/sku/cheese-goat-crumbled-fzn-22-lb-125885/125885",
    "title": "Cheese, Goat, Crumbled, Fzn, 2/2 Lb 125885",
    "brand": "President",
    "sku": "125885",
    "upc": "125885",
    "image_urls": [
      "https://shop.kimelo.com/_next/image?url=https%3A%2F%2Fd3tlizm80tjdt4.cloudfront.net%2Fremote_images%2Fimage%2F7510%2Flarge%2F77b363ab598a6457708d97e748c9915d8bdde976530b46fe17.jpg&w=3840&q=60"
    ],
    "case_price": "",
    "each_price": "$34.41",
    "case_pack_size": "",
    "each_pack_size": "1 Item",
    "case_weight": "",
    "each_weight": "4 lbs",
    "case_dimensions": "",
    "each_dimensions": "L 1\" x W 1\" x H 1\"",
    "price_per_unit": "$8.60/LB",
    "category": [
      "Cheese",
      "Specialty Cheese"
    ],
    "related_items": [
      {
        "name": "",
        "brand": "",
        "price": "",
        "url": "https://shop.kimelo.com/sku/cheese-mascarpone-tub-belgioioso-4-5-lb-107599/107599"
      },
      {
        "name": "",
        "brand": "",
        "price": "",
        "url": "https://shop.kimelo.com/sku/cheese-queso-fresco-casero-bulk-12-lbs-112596/112596"
      }
    ],
    "others_you_may_like_urls": [
      "https://shop.kimelo.com/sku/cheese-feta-rbst-free-estia-24-lb-124006/124006",
      "https://shop.kimelo.com/sku/cheese-goat-crumbled-22-lb-123365/123365",
      "https://shop.kimelo.com/sku/cheese-feta-crumbles-president-25-lb-123341/123341",
      "https://shop.kimelo.com/sku/cheese-feta-sheepgoat-imported-ziria-14-kg-124111/124111",
      "https://shop.kimelo.com/sku/cheese-feta-in-brine-pail-2-8-lb-124284/124284"
    ],
    "image_description": "The cheese product shown is crumbled goat cheese, packaged in a clear plastic bag. Here are the details:\n\n### Appearance:\n- **Color:** The cheese is predominantly white, with some variations in shade due to crumbling.\n- **Shape:** It consists of small, irregularly shaped crumbles, ranging from tiny bits to slightly larger chunks. This texture is characteristic of crumbled varieties, making it easy to sprinkle over dishes.\n\n### Texture:\n- **Consistency:** The cheese has a soft, creamy texture that is light and somewhat fragile. This allows it to break apart easily when handled.\n- **Mouthfeel:** It is smooth when chewed, making it enjoyable to eat, while the crumbles provide a slight bite.\n\n### Visible Characteristics:\n- **Moisture:** The cheese looks slightly moist but not overly wet, which is typical for crumbled goat cheese. This helps maintain its freshness and flavor.\n- **Surface:** There are likely tiny air pockets and maybe some crystals forming due to the cheese\u2019s age, which can add to the overall texture experience.\n\n### Flavor Profile:\nWhile not visible, crumbled goat cheese is known for its tangy, slightly earthy flavor, which can vary in intensity depending on the aging process.\n\nThis cheese is commonly used in salads, on pizzas, or as a topping for various dishes, appreciated for its flavor and textural contrast. The packaging also suggests it is a product of the \"President\" brand, which is known for a variety of cheese options"
  },
  {
    "url": "https://shop.kimelo.com/sku/cheese-mozzarella-wmlm-premio-tigrato-shred-fzn-65lb-125867/125867",
    "title": "Cheese, Mozzarella, Wmlm, Premio, Tigrato Shred, Fzn, 6/5lb 125867",
    "brand": "Packer",
    "sku": "125867",
    "upc": "125867",
    "image_urls": [
      "https://shop.kimelo.com/_next/image?url=https%3A%2F%2Fd3tlizm80tjdt4.cloudfront.net%2Fremote_images%2Fimage%2F7219%2Flarge%2F033c01725f633ca8a59c3d6dcaf44be923452f0bca262e94b0.jpg&w=3840&q=60"
    ],
    "case_price": "",
    "each_price": "$106.17",
    "case_pack_size": "",
    "each_pack_size": "1 Item",
    "case_weight": "",
    "each_weight": "30 lbs",
    "case_dimensions": "",
    "each_dimensions": "L 1\" x W 1\" x H 1\"",
    "price_per_unit": "$3.54/LB",
    "category": [
      "Cheese",
      "Specialty Cheese"
    ],
    "related_items": [
      {
        "name": "",
        "brand": "",
        "price": "",
        "url": "https://shop.kimelo.com/sku/cheese-mascarpone-tub-belgioioso-4-5-lb-107599/107599"
      },
      {
        "name": "",
        "brand": "",
        "price": "",
        "url": "https://shop.kimelo.com/sku/cheese-mozzarella-fresh-loaf-thin-slice-61-lb-112545/112545"
      }
    ],
    "others_you_may_like_urls": [
      "https://shop.kimelo.com/sku/cheese-feta-in-brine-pail-2-8-lb-124284/124284",
      "https://shop.kimelo.com/sku/cheese-queso-fresco-casero-bulk-12-lbs-112596/112596",
      "https://shop.kimelo.com/sku/cheese-feta-crumbles-president-25-lb-123341/123341",
      "https://shop.kimelo.com/sku/cheese-mozzarella-fresh-loaf-sliced-61-lb-123535/123535",
      "https://shop.kimelo.com/sku/cheese-feta-french-pail-valbreso-18-lb-avg-123797/123797",
      "https://shop.kimelo.com/sku/cheese-mozzarella-fresh-ovoline-galbani-23-lb-123382/123382",
      "https://shop.kimelo.com/sku/cheese-feta-sheepgoat-imported-ziria-14-kg-124111/124111"
    ],
    "image_description": "This cheese product is shredded mozzarella, specifically labeled as \"Whole Milk Low Moisture Mozzarella Cheese.\" Here\u2019s a detailed description based on its characteristics:\n\n### Appearance\n- **Color**: The shredded mozzarella has a pale, creamy white to light yellow hue, typical of mozzarella cheese.\n- **Shape**: The cheese is shredded into fine strands, which may vary slightly in length, creating a fluffy texture that's easy to sprinkle.\n- **Packaging**: It comes in a clear, rectangular container with a blue lid, allowing visibility of the cheese inside.\n\n### Texture\n- **Feel**: The shreds are soft and have a slightly elastic texture, characteristic of mozzarella. They easily separate from each other but still clump together, which is common for shredded cheese products.\n- **Moisture**: Being low-moisture, the cheese may feel drier compared to fresh mozzarella, making it ideal for melting and baking.\n\n### Identifying Characteristics\n- **Flavor**: Mozzarella is known for its mild, slightly sweet flavor, which becomes more pronounced when melted. \n- **Use in Cooking**: This cheese is often used in pizza, lasagna, and various Italian dishes, where it melts beautifully and adds a creamy texture.\n- **Labeling**: The packaging mentions \"Shredded\" and \"Professional,\" indicating it\u2019s likely designed for culinary use, especially in restaurants or by chefs.\n\nOverall, this shredded mozzarella is designed for versatility in cooking and offers a"
  },
  {
    "url": "https://shop.kimelo.com/sku/cheese-mozzarella-wmlm-shredded-red-label-fzn-65-lb-125663/125663",
    "title": "Cheese, Mozzarella, Wmlm, Shredded, Red Label, Fzn, 6/5 Lb 125663",
    "brand": "Galbani",
    "sku": "125663",
    "upc": "125663",
    "image_urls": [
      "https://shop.kimelo.com/_next/image?url=https%3A%2F%2Fd3tlizm80tjdt4.cloudfront.net%2Fremote_images%2Fimage%2F5529%2Flarge%2Fc778602c2248722769dc9d527696e44227a764cad23a374c8f.jpg&w=3840&q=60"
    ],
    "case_price": "",
    "each_price": "$65.57",
    "case_pack_size": "",
    "each_pack_size": "1 Item",
    "case_weight": "",
    "each_weight": "30 lbs",
    "case_dimensions": "",
    "each_dimensions": "L 1\" x W 1\" x H 1\"",
    "price_per_unit": "",
    "category": [
      "Cheese",
      "Specialty Cheese"
    ],
    "related_items": [
      {
        "name": "",
        "brand": "",
        "price": "",
        "url": "https://shop.kimelo.com/sku/cheese-mascarpone-tub-belgioioso-4-5-lb-107599/107599"
      },
      {
        "name": "",
        "brand": "",
        "price": "",
        "url": "https://shop.kimelo.com/sku/cheese-mozzarella-fresh-loaf-sliced-61-lb-123535/123535"
      }
    ],
    "others_you_may_like_urls": [
      "https://shop.kimelo.com/sku/cheese-feta-rbst-free-estia-24-lb-124006/124006",
      "https://shop.kimelo.com/sku/cheese-feta-crumbles-president-25-lb-123341/123341",
      "https://shop.kimelo.com/sku/cheese-feta-sheepgoat-imported-ziria-14-kg-124111/124111",
      "https://shop.kimelo.com/sku/cheese-goat-crumbled-22-lb-123365/123365",
      "https://shop.kimelo.com/sku/cheese-queso-fresco-casero-bulk-12-lbs-112596/112596",
      "https://shop.kimelo.com/sku/cheese-feta-in-brine-pail-2-8-lb-124284/124284"
    ],
    "image_description": "This cheese product is shredded mozzarella, specifically from the brand Galbani. \n\n### Appearance\n- **Color**: The cheese has a pale, creamy white to light yellow hue, typical of mozzarella.\n- **Shape**: It is shredded into fine, elongated strands, which creates a fluffy and airy appearance.\n- **Package**: The cheese is packaged in a clear plastic container, allowing visibility of the shredded cheese within.\n\n### Texture\n- **Feel**: The texture is soft and somewhat elastic, characteristic of mozzarella. The shreds are relatively thin, allowing them to melt easily when heated.\n- **Consistency**: The cheese appears moist but not overly wet, indicating that it retains some moisture while still being dry enough to prevent clumping.\n\n### Identifying Characteristics\n- **Shredded**: The fine shredding indicates that this mozzarella is convenient for melting on pizzas, pastas, and casseroles.\n- **Labeling**: The packaging states \"Shredded Whole Milk with Less Moisture,\" distinguishing it as a specific type of mozzarella that is designed to perform well in cooking due to its reduced moisture content, which helps in achieving a better melt without excessive water.\n\nThis combination of attributes\u2014appearance, texture, and moisture content\u2014effectively identifies this cheese as a quality option for various culinary applications, particularly in Italian dishes."
  },
  {
    "url": "https://shop.kimelo.com/sku/cheese-provolone-no-smoke-professionale-fzn-8-5-lb-125816/125816",
    "title": "Cheese, Provolone, No Smoke, Professionale, Fzn, (8) 5 Lb 125816",
    "brand": "Galbani",
    "sku": "125816",
    "upc": "125816",
    "image_urls": [
      "https://shop.kimelo.com/_next/image?url=https%3A%2F%2Fd3tlizm80tjdt4.cloudfront.net%2Fremote_images%2Fimage%2F7413%2Flarge%2F96f637e71103cdbead1f2d86e5d35c5d6ab6f32e13771d8027.jpg&w=3840&q=60"
    ],
    "case_price": "$133.04",
    "each_price": "$16.63",
    "case_pack_size": "8 Eaches",
    "each_pack_size": "1 Item",
    "case_weight": "5 lbs",
    "each_weight": "0.625 lbs",
    "case_dimensions": "L 1\" x W 1\" x H 1\"",
    "each_dimensions": "L 1\" x W 1\" x H 1\"",
    "price_per_unit": "$3.33/LB",
    "category": [
      "Cheese",
      "Cheese Loaf"
    ],
    "related_items": [],
    "others_you_may_like_urls": [],
    "image_description": "The cheese product shown is Galbani Provolone, which is a semi-hard Italian cheese known for its distinct flavor and texture.\n\n**Appearance:**\n- The cheese is likely a pale yellow or off-white color, typical of provolone.\n- It is presented in a block form, characterized by its smooth surface.\n- The packaging is blue, with white lettering that clearly states \"Not Smoked Provolone Cheese.\"\n\n**Texture:**\n- Provolone has a semi-firm texture, which makes it easy to slice and melt.\n- The cheese is typically smooth and glossy on the outside and slightly firmer on the inside.\n- When cut, it may show a clean, even texture with minimal holes.\n\n**Visible Characteristics:**\n- The label indicates that it is not smoked, which suggests a milder flavor profile compared to its smoked counterpart.\n- The block is wrapped in plastic, which helps maintain its freshness and prevents it from drying out.\n- Nutritional information is visible on the packaging, indicating the product's natural ingredients.\n\nThese characteristics help identify it as a type of provolone cheese, commonly used in a variety of dishes, including sandwiches, pizzas, and pasta."
  },
  {
    "url": "https://shop.kimelo.com/sku/cheese-blend-mozz-wm-ps-premio-shred-fzn-65-lb-125856/125856",
    "title": "Cheese, Blend, Mozz, Wm & Ps, Premio Shred, Fzn, 6/5 Lb 125856",
    "brand": "Galbani Premio",
    "sku": "125856",
    "upc": "125856",
    "image_urls": [
      "https://shop.kimelo.com/_next/image?url=https%3A%2F%2Fd3tlizm80tjdt4.cloudfront.net%2Fremote_images%2Fimage%2F7459%2Flarge%2F9c28668dc42ed550e07b9b05907b241aef8b11f3fc49c8f192.jpg&w=3840&q=60"
    ],
    "case_price": "",
    "each_price": "$48.61",
    "case_pack_size": "",
    "each_pack_size": "1 Item",
    "case_weight": "",
    "each_weight": "30 lbs",
    "case_dimensions": "",
    "each_dimensions": "L 1\" x W 1\" x H 1\"",
    "price_per_unit": "$1.62/LB",
    "category": [
      "Cheese",
      "Specialty Cheese"
    ],
    "related_items": [
      {
        "name": "",
        "brand": "",
        "price": "",
        "url": "https://shop.kimelo.com/sku/cheese-mozzarella-fresh-loaf-sliced-61-lb-123535/123535"
      },
      {
        "name": "",
        "brand": "",
        "price": "",
        "url": "https://shop.kimelo.com/sku/cheese-feta-french-pail-valbreso-18-lb-avg-123797/123797"
      }
    ],
    "others_you_may_like_urls": [
      "https://shop.kimelo.com/sku/cheese-mozzarella-fresh-loaf-thin-slice-61-lb-112545/112545",
      "https://shop.kimelo.com/sku/cheese-queso-fresco-casero-bulk-12-lbs-112596/112596",
      "https://shop.kimelo.com/sku/cheese-mascarpone-tub-belgioioso-4-5-lb-107599/107599",
      "https://shop.kimelo.com/sku/cheese-feta-crumbles-president-25-lb-123341/123341",
      "https://shop.kimelo.com/sku/cheese-mozzarella-fresh-ovoline-galbani-23-lb-123382/123382",
      "https://shop.kimelo.com/sku/cheese-feta-sheepgoat-imported-ziria-14-kg-124111/124111",
      "https://shop.kimelo.com/sku/cheese-feta-in-brine-pail-2-8-lb-124284/124284"
    ],
    "image_description": "The cheese product is Galbani Premio Shredded Mozzarella. Here\u2019s a detailed description:\n\n### Appearance:\n- **Color**: The cheese has a pale yellow to off-white color.\n- **Form**: It is presented in a shredded form, with fine strands that are roughly uniform in size, making it very convenient for use in various dishes.\n- **Packaging**: The packaging features a vibrant blue label with red accents, showcasing the brand name, product type, and a visual of the cheese itself.\n\n### Texture:\n- **Feel**: The shreds are pliable and soft, indicating a low-moisture mozzarella type which typically has a smooth mouthfeel.\n- **Density**: The cheese appears light and airy due to the shredding process, making it easy to sprinkle over dishes or incorporate into mixtures.\n\n### Characteristics:\n- **Moisture Content**: As indicated by the label, it is low moisture, which contributes to a longer shelf life and makes it ideal for melting purposes.\n- **Flavor**: While not visually discernible, low-moisture mozzarella is generally known for its mild, creamy flavor with a slight tang.\n- **Usage**: Suitable for melting and commonly used in pizza, pasta dishes, and casseroles due to its excellent melting properties.\n\n### Identification:\nThis product can be identified by its shredded form, pale yellow color, and the recognizable branding featuring the Galbani logo, which is associated with quality Italian cheeses."
  },
  {
    "url": "https://shop.kimelo.com/sku/cheese-mozzarella-wmlm-loaf-professionale-fzn-85-lb-125814/125814",
    "title": "Cheese, Mozzarella, Wmlm, Loaf, Professionale, Fzn, 8/5 Lb 125814",
    "brand": "Galbani",
    "sku": "125814",
    "upc": "125814",
    "image_urls": [
      "https://shop.kimelo.com/_next/image?url=https%3A%2F%2Fd3tlizm80tjdt4.cloudfront.net%2Fremote_images%2Fimage%2F7215%2Flarge%2F8e3a538ac779eb6afea42d92e46a2a63a1e5ecb4527ff1b238.jpg&w=3840&q=60",
      "https://shop.kimelo.com/_next/image?url=https%3A%2F%2Fd3tlizm80tjdt4.cloudfront.net%2Fremote_images%2Fimage%2F7220%2Flarge%2Fe1ff96fe7654aa8e6248af1bf52c64cdec6c05b1a591deab0d.jpg&w=3840&q=60"
    ],
    "case_price": "",
    "each_price": "$44.63",
    "case_pack_size": "",
    "each_pack_size": "1 Item",
    "case_weight": "",
    "each_weight": "40 lbs",
    "case_dimensions": "",
    "each_dimensions": "L 1\" x W 1\" x H 1\"",
    "price_per_unit": "$1.12/LB",
    "category": [
      "Cheese",
      "Cheese Loaf"
    ],
    "related_items": [],
    "others_you_may_like_urls": [],
    "image_description": "The image you've provided depicts a closed cardboard box for a cheese product. Here's a detailed description based on the packaging and context:\n\n### Appearance\n- **Box Design**: The box is primarily white with red and green branding. It features the names \"Sorrento\" and \"Galbani\" prominently.\n- **Text**: There are phrases such as \"Same cheese. New name.\" and \"PERISHABLE. KEEP REFRIGERATED,\" indicating that the contents require proper storage to maintain quality.\n- **Product Information**: The box includes details like the packing date and possibly a barcode for inventory tracking.\n\n### Texture\nAs the box is closed, the texture of the cheese itself is not discernible. However, typical cheese products could vary from soft and creamy to hard and crumbly, depending on the type.\n\n### Identification Characteristics\n- **Contents**: While the exact type of cheese isn't visible, the packaging suggests it might be a professional-grade cheese suitable for culinary use.\n- **Brand Reputation**: Galbani is known for its various cheeses, often Italian in origin, such as mozzarella. This could hint at the type of cheese inside, likely something popular in cooking or for pizzas.\n\nOverall, while specific characteristics of the cheese cannot be identified without opening the box, the packaging and branding suggest it is a quality cheese product meant for culinary applications."
  },
  {
    "url": "https://shop.kimelo.com/sku/cheese-brie-60-frozen-22-lb-125998/125998",
    "title": "Cheese, Brie, 60%, Frozen, 2/2 Lb 125998",
    "brand": "President",
    "sku": "125998",
    "upc": "125998",
    "image_urls": [
      "https://shop.kimelo.com/_next/image?url=https%3A%2F%2Fd3tlizm80tjdt4.cloudfront.net%2Fremote_images%2Fimage%2F7738%2Flarge%2F4b09fc30ab88d07c157e75dd1464f6558b721102d08f59f173.jpg&w=3840&q=60"
    ],
    "case_price": "",
    "each_price": "$18.33",
    "case_pack_size": "",
    "each_pack_size": "1 Item",
    "case_weight": "",
    "each_weight": "4 lbs",
    "case_dimensions": "",
    "each_dimensions": "L 1\" x W 1\" x H 1\"",
    "price_per_unit": "$4.58/LB",
    "category": [
      "Cheese",
      "Specialty Cheese"
    ],
    "related_items": [
      {
        "name": "",
        "brand": "",
        "price": "",
        "url": "https://shop.kimelo.com/sku/cheese-goat-crumbled-22-lb-123365/123365"
      },
      {
        "name": "",
        "brand": "",
        "price": "",
        "url": "https://shop.kimelo.com/sku/cheese-feta-french-pail-valbreso-18-lb-avg-123797/123797"
      }
    ],
    "others_you_may_like_urls": [
      "https://shop.kimelo.com/sku/cheese-mozzarella-fresh-loaf-sliced-61-lb-123535/123535",
      "https://shop.kimelo.com/sku/cheese-feta-crumbles-president-25-lb-123341/123341",
      "https://shop.kimelo.com/sku/cheese-queso-fresco-casero-bulk-12-lbs-112596/112596",
      "https://shop.kimelo.com/sku/cheese-mascarpone-tub-belgioioso-4-5-lb-107599/107599",
      "https://shop.kimelo.com/sku/cheese-feta-sheepgoat-imported-ziria-14-kg-124111/124111",
      "https://shop.kimelo.com/sku/cheese-feta-in-brine-pail-2-8-lb-124284/124284"
    ],
    "image_description": "The cheese product is Pr\u00e9sident Brie, a soft-ripened cheese that is distinctly recognizable by its round shape. \n\n### Appearance:\n- **Rind:** The exterior has a soft, white rind that is typical of Brie cheese, created by the Penicillium candidum mold during the aging process. The rind may have slight imperfections and a smooth texture.\n- **Interior:** When cut, the interior reveals a creamy white color that becomes more yellowish closer to the center, indicating its rich and buttery nature.\n- **Slice:** The texture of the cut surface is smooth and slightly glossy, indicative of its creaminess. \n\n### Texture:\n- **Outer Rind:** Soft and slightly firm, easily sliced or spreadable.\n- **Inner Cheese:** The texture transitions to a creamy and luscious consistency, becoming more liquid in the center as it ages. This creaminess contributes to its melt-in-the-mouth sensation.\n\n### Visible Characteristics:\n- **Aging:** The cheese may show signs of aging, such as a slightly firmer texture or more pronounced flavor as it matures.\n- **Cut Surface:** If sliced, the cheese may show a soft, creamy interior that may ooze slightly, a sign of its fresh and rich quality.\n\nOverall, Pr\u00e9sident Brie is characterized by its creamy nature, soft rind, and delicate flavors, making it a popular choice for cheese boards and culinary dishes."
  },
  {
    "url": "https://shop.kimelo.com/sku/cheese-mozzarella-loaf-thin-slice-fzn-61-lb-125686/125686",
    "title": "Cheese, Mozzarella, Loaf, Thin Slice, Fzn, 6/1 Lb 125686",
    "brand": "Galbani",
    "sku": "125686",
    "upc": "125686",
    "image_urls": [
      "https://shop.kimelo.com/_next/image?url=https%3A%2F%2Fd3tlizm80tjdt4.cloudfront.net%2Fremote_images%2Fimage%2F5949%2Flarge%2F232d076874aaa3c168bb355026f9bfbbbaf31c76351420c0ad.jpg&w=3840&q=60"
    ],
    "case_price": "",
    "each_price": "$7.95",
    "case_pack_size": "",
    "each_pack_size": "1 Item",
    "case_weight": "",
    "each_weight": "6 lbs",
    "case_dimensions": "",
    "each_dimensions": "L 1\" x W 1\" x H 1\"",
    "price_per_unit": "",
    "category": [
      "Cheese",
      "Cheese Loaf"
    ],
    "related_items": [],
    "others_you_may_like_urls": [],
    "image_description": "This cheese product is Galbani Fresh Mozzarella, sliced thin for convenience. \n\n### Appearance:\n- **Color**: The cheese has a creamy white to pale yellow hue.\n- **Shape**: It is packaged in a flat, rectangular form, with thin slices neatly arranged, making it easy to access.\n- **Packaging**: The label features a vibrant design with colors of blue and white, prominent branding, and nutritional information on the side.\n\n### Texture:\n- **Surface**: The slices appear smooth and slightly glossy, indicating freshness.\n- **Feel**: Fresh mozzarella is typically soft and pliable, with a tender texture that can stretch slightly when pulled.\n- **Consistency**: It\u2019s moist and may have a slight sheen due to its high moisture content, which is characteristic of fresh mozzarella.\n\n### Identifying Characteristics:\n- **Taste**: Fresh mozzarella has a mild, milky flavor with subtle sweetness.\n- **Aroma**: A fresh and slightly creamy scent, typical of dairy products.\n- **Common Uses**: Ideal for salads (like Caprese), pizzas, sandwiches, or enjoyed on its own.\n\nThis fresh mozzarella is designed to offer a fresh, creamy taste and is likely to be a favorite in various culinary applications."
  },
  {
    "url": "https://shop.kimelo.com/sku/cheese-mozzarella-wmlm-cali-gold-loaf-fzn-86-lb-112065/112065",
    "title": "Cheese, Mozzarella, Wmlm, Cali Gold, Loaf, Fzn, 8/6 Lb 112065",
    "brand": "California Gold",
    "sku": "112065",
    "upc": "112065",
    "image_urls": [
      "https://shop.kimelo.com/_next/image?url=https%3A%2F%2Fd3tlizm80tjdt4.cloudfront.net%2Fremote_images%2Fimage%2F7214%2Flarge%2F41b9dc70ad46d4c0cccd5b382266a2a6c4b624473914254036.jpg&w=3840&q=60"
    ],
    "case_price": "",
    "each_price": "$48.09",
    "case_pack_size": "",
    "each_pack_size": "1 Item",
    "case_weight": "",
    "each_weight": "47 lbs",
    "case_dimensions": "",
    "each_dimensions": "L 1\" x W 1\" x H 1\"",
    "price_per_unit": "$1.00/LB",
    "category": [
      "Cheese",
      "Cheese Loaf"
    ],
    "related_items": [],
    "others_you_may_like_urls": [],
    "image_description": "This cheese product is labeled as \"Whole Milk Low-Moisture Mozzarella Cheese.\" \n\n### Appearance:\n- **Color**: It has a pale, creamy white color, typical for mozzarella.\n- **Shape**: The cheese is packaged in a rectangular block form, with smooth surfaces.\n- **Surface**: The exterior appears shiny and is free of any visible mold or blemishes, indicating a well-preserved product.\n\n### Texture:\n- **Firmness**: The cheese appears firm but may be slightly flexible, characteristic of low-moisture mozzarella.\n- **Sliceability**: It can be sliced easily, suggesting a texture that holds together well without crumbling.\n- **Chewiness**: When bitten into, it likely has a chewy quality, which is typical for mozzarella cheese.\n\n### Visible Characteristics:\n- **Packaging**: The cheese is sealed in plastic, which helps retain freshness and moisture.\n- **Nutritional Information**: The label provides serving sizes and nutritional facts, indicating its calorie, fat, cholesterol, and protein content.\n  \nOverall, this cheese is identifiable as mozzarella due to its characteristics such as color, texture, and packaging style. It\u2019s commonly used in dishes like pizza and lasagna."
  },
  {
    "url": "https://shop.kimelo.com/sku/cheese-mozzarella-pslm-cali-gold-loaf-fzn-86-lb-112075/112075",
    "title": "Cheese, Mozzarella, Pslm, Cali Gold, Loaf, Fzn, 8/6 Lb 112075",
    "brand": "California Gold",
    "sku": "112075",
    "upc": "112075",
    "image_urls": [
      "https://shop.kimelo.com/_next/image?url=https%3A%2F%2Fd3tlizm80tjdt4.cloudfront.net%2Fimage%2F13863%2Fimage%2Flg-b5f972a0f31c1d6e01b4f1ea2e2e9633.png&w=3840&q=60",
      "https://shop.kimelo.com/_next/image?url=https%3A%2F%2Fd3tlizm80tjdt4.cloudfront.net%2Fimage%2F12883%2Fimage%2Flg-5dcc3973aa508744df462ed46072a4bf.jpeg&w=3840&q=60"
    ],
    "case_price": "",
    "each_price": "$124.51",
    "case_pack_size": "",
    "each_pack_size": "1 Item",
    "case_weight": "",
    "each_weight": "48 lbs",
    "case_dimensions": "",
    "each_dimensions": "L 1\" x W 1\" x H 1\"",
    "price_per_unit": "$2.59/LB",
    "category": [
      "Cheese",
      "Cheese Loaf"
    ],
    "related_items": [],
    "others_you_may_like_urls": [],
    "image_description": "The product in question is a package of **mozzarella cheese** from California Gold. Here are the details based on the visual cues from the packaging:\n\n### Appearance:\n- **Packaging**: The cheese comes in a cardboard box that is labeled prominently with the brand name \"California Gold\" and the type of cheese, \"Mozzarella Cheese.\" \n- **Color**: The box is primarily a light brown color with dark blue lettering and a decorative element featuring a sun.\n\n### Texture:\n- **Moisture Content**: While the texture cannot be assessed directly from the packaging, mozzarella is generally known for its soft, elastic, and slightly moist texture. Fresh mozzarella is known to be stretchy and creamy, often with a smooth finish.\n  \n### Identifying Characteristics:\n- **Type**: The labeling specifies \"mozzarella,\" which is a semi-soft cheese traditionally made from water buffalo milk but can also be made from cow's milk. It is often characterized by its mild flavor and versatility in dishes like pizza and salads.\n- **Serving Size**: The packaging mentions \"8/6# PKG. RD. WT,\" which indicates the weight\u2014suggesting that the box contains eight individual packages weighing six pounds each.\n\nThis combination of characteristics helps identify this cheese as mozzarella, frequently used in a variety of culinary applications."
  }
]